%YAML 1.1
%TAG !u! tag:unity3d.com,2011:
--- !u!1 &525304428240134508
GameObject:
  m_ObjectHideFlags: 0
  m_CorrespondingSourceObject: {fileID: 0}
  m_PrefabInstance: {fileID: 0}
  m_PrefabAsset: {fileID: 0}
  serializedVersion: 6
  m_Component:
  - component: {fileID: 8806515839294620406}
  - component: {fileID: 6707764608317490175}
  - component: {fileID: 5150341683525172093}
  - component: {fileID: 7186745147861225022}
  - component: {fileID: 4139822904570549648}
  - component: {fileID: 5033219390102577546}
  - component: {fileID: 2605657368345352573}
  m_Layer: 0
  m_Name: Line 2
  m_TagString: Untagged
  m_Icon: {fileID: 0}
  m_NavMeshLayer: 0
  m_StaticEditorFlags: 0
  m_IsActive: 1
--- !u!4 &8806515839294620406
Transform:
  m_ObjectHideFlags: 0
  m_CorrespondingSourceObject: {fileID: 0}
  m_PrefabInstance: {fileID: 0}
  m_PrefabAsset: {fileID: 0}
  m_GameObject: {fileID: 525304428240134508}
  m_LocalRotation: {x: 0, y: 0, z: 0, w: 1}
  m_LocalPosition: {x: 0, y: 0.66, z: 0}
  m_LocalScale: {x: 0.8, y: 0.8, z: 1}
  m_Children: []
  m_Father: {fileID: 7307101246763098733}
  m_RootOrder: 1
  m_LocalEulerAnglesHint: {x: 0, y: 0, z: 0}
--- !u!114 &6707764608317490175
MonoBehaviour:
  m_ObjectHideFlags: 0
  m_CorrespondingSourceObject: {fileID: 0}
  m_PrefabInstance: {fileID: 0}
  m_PrefabAsset: {fileID: 0}
  m_GameObject: {fileID: 525304428240134508}
  m_Enabled: 1
  m_EditorHideFlags: 0
  m_Script: {fileID: 11500000, guid: e70f079e2a6bf364e8185b765fbe61c0, type: 3}
  m_Name: 
  m_EditorClassIdentifier: 
  settings:
    hideHandles: 0
    newPointDistance: 2
    showCurve: 1
    showCurveMode: 1
    showCurveOption: 0
    sections: 20
    showPointMenu: 1
    showTangents: 0
    tangentsSize: 0.7
    tangentsColor: {r: 1, g: 1, b: 1, a: 1}
    tangentsPerSection: 1
    controlType: 1
    vRay: 0
    lineColor: {r: 1, g: 0, b: 0, a: 1}
    restrictGizmoz: 
    showPointControlType: 1
    showPointPosition: 1
    showHandles: 1
    handlesType: 0
    handlesSettings:
      RemoveX: 0
      RemoveY: 0
      RemoveZ: 1
      RemoveXZ: 1
      RemoveXY: 0
      RemoveYZ: 1
      AxisScale: 1
      PlanesScale: 1
      Alpha: 1
    showLabels: 1
    labelColor: {r: 1, g: 1, b: 1, a: 1}
    showPositions: 0
    labelColorSelected: {r: 0, g: 1, b: 0, a: 1}
    showSpheres: 1
    sphereRadius: 0.1
    sphereColor: {r: 1, g: 0, b: 0, a: 1}
    showPointControlPositions: 1
    showControlHandles: 1
    controlHandlesType: 0
    controlHandlesSettings:
      RemoveX: 0
      RemoveY: 0
      RemoveZ: 1
      RemoveXZ: 1
      RemoveXY: 0
      RemoveYZ: 1
      AxisScale: 0.7
      PlanesScale: 0.7
      Alpha: 0.7
    controlHandlesColor: {r: 0, g: 1, b: 1, a: 1}
    showControlLabels: 1
    showControlPositions: 0
    labelControlColor: {r: 1, g: 0.92156863, b: 0.015686275, a: 1}
    showTransformField: 0
    existing: 1
  mode2D: 1
  closed: 1
  points:
  - controlType: 1
    positionLocal: {x: 0, y: 2, z: 0}
    controlFirstLocal: {x: -1.1, y: 0, z: -0}
    controlSecondLocal: {x: 1.1, y: -0, z: 0}
    pointTransform: {fileID: 0}
    curve: {fileID: 6707764608317490175}
    fieldsValues: []
  - controlType: 1
    positionLocal: {x: 2, y: 0, z: 0}
    controlFirstLocal: {x: 0, y: 1.1, z: 0}
    controlSecondLocal: {x: -0, y: -1.1, z: -0}
    pointTransform: {fileID: 0}
    curve: {fileID: 6707764608317490175}
    fieldsValues: []
  - controlType: 1
    positionLocal: {x: 0, y: -2, z: 0}
    controlFirstLocal: {x: 1.1, y: 0, z: 0}
    controlSecondLocal: {x: -1.1, y: -0, z: -0}
    pointTransform: {fileID: 0}
    curve: {fileID: 6707764608317490175}
    fieldsValues: []
  - controlType: 1
    positionLocal: {x: -2, y: 0, z: 0}
    controlFirstLocal: {x: 0, y: -1.1, z: -0}
    controlSecondLocal: {x: -0, y: 1.1, z: 0}
    pointTransform: {fileID: 0}
    curve: {fileID: 6707764608317490175}
    fieldsValues: []
  pointsComponents: []
  pointsGameObjects: []
  fields: []
  snapType: 0
  snapAxis: 1
  snapDistance: 10
  snapLayerMask:
    serializedVersion: 2
    m_Bits: 4294967295
  snapTriggerInteraction: 0
  snapToBackFaces: 0
  snapMonitoring: 0
  eventMode: 0
  pointsMode: 0
  forceChangedEventMode: 0
--- !u!120 &5150341683525172093
LineRenderer:
  m_ObjectHideFlags: 0
  m_CorrespondingSourceObject: {fileID: 0}
  m_PrefabInstance: {fileID: 0}
  m_PrefabAsset: {fileID: 0}
  m_GameObject: {fileID: 525304428240134508}
  m_Enabled: 1
  m_CastShadows: 1
  m_ReceiveShadows: 1
  m_DynamicOccludee: 1
  m_MotionVectors: 0
  m_LightProbeUsage: 0
  m_ReflectionProbeUsage: 0
  m_RayTracingMode: 0
  m_RenderingLayerMask: 1
  m_RendererPriority: 0
  m_Materials:
  - {fileID: 2100000, guid: 6cb3650f50dfad54c8b05afcedfa398d, type: 2}
  m_StaticBatchInfo:
    firstSubMesh: 0
    subMeshCount: 0
  m_StaticBatchRoot: {fileID: 0}
  m_ProbeAnchor: {fileID: 0}
  m_LightProbeVolumeOverride: {fileID: 0}
  m_ScaleInLightmap: 1
  m_ReceiveGI: 1
  m_PreserveUVs: 0
  m_IgnoreNormalsForChartDetection: 0
  m_ImportantGI: 0
  m_StitchLightmapSeams: 1
  m_SelectedEditorRenderState: 3
  m_MinimumChartSize: 4
  m_AutoUVMaxDistance: 0.5
  m_AutoUVMaxAngle: 89
  m_LightmapParameters: {fileID: 0}
  m_SortingLayerID: 0
  m_SortingLayer: 0
  m_SortingOrder: 0
  m_Positions:
  - {x: 0, y: 2.26, z: 0}
  - {x: 0.08744593, y: 2.2576208, z: 0}
  - {x: 0.17370075, y: 2.250566, z: 0}
  - {x: 0.25864002, y: 2.23896, z: 0}
  - {x: 0.34213927, y: 2.2229273, z: 0}
  - {x: 0.42407408, y: 2.2025926, z: 0}
  - {x: 0.50432, y: 2.17808, z: 0}
  - {x: 0.58275265, y: 2.149514, z: 0}
  - {x: 0.65924746, y: 2.1170192, z: 0}
  - {x: 0.73368, y: 2.08072, z: 0}
  - {x: 0.80592597, y: 2.0407407, z: 0}
  - {x: 0.87586075, y: 1.997206, z: 0}
  - {x: 0.94336003, y: 1.95024, z: 0}
  - {x: 1.0082994, y: 1.8999674, z: 0}
  - {x: 1.0705541, y: 1.8465127, z: 0}
  - {x: 1.13, y: 1.7900001, z: 0}
  - {x: 1.1865126, y: 1.7305541, z: 0}
  - {x: 1.2399675, y: 1.6682993, z: 0}
  - {x: 1.29024, y: 1.60336, z: 0}
  - {x: 1.337206, y: 1.5358608, z: 0}
  - {x: 1.3807408, y: 1.4659259, z: 0}
  - {x: 1.42072, y: 1.3936801, z: 0}
  - {x: 1.4570193, y: 1.3192475, z: 0}
  - {x: 1.4895141, y: 1.2427527, z: 0}
  - {x: 1.51808, y: 1.16432, z: 0}
  - {x: 1.5425926, y: 1.0840741, z: 0}
  - {x: 1.5629275, y: 1.0021393, z: 0}
  - {x: 1.5789601, y: 0.91864, z: 0}
  - {x: 1.5905659, y: 0.8337008, z: 0}
  - {x: 1.5976207, y: 0.74744594, z: 0}
  - {x: 1.6, y: 0.66, z: 0}
  - {x: 1.5976207, y: 0.5725541, z: 0}
  - {x: 1.5905659, y: 0.48629928, z: 0}
  - {x: 1.5789601, y: 0.40136, z: 0}
  - {x: 1.5629275, y: 0.31786075, z: 0}
  - {x: 1.5425926, y: 0.23592593, z: 0}
  - {x: 1.51808, y: 0.15568, z: 0}
  - {x: 1.4895141, y: 0.07724741, z: 0}
  - {x: 1.4570193, y: 0.00075259106, z: 0}
  - {x: 1.42072, y: -0.073680006, z: 0}
  - {x: 1.3807408, y: -0.14592592, z: 0}
  - {x: 1.337206, y: -0.21586074, z: 0}
  - {x: 1.29024, y: -0.28336, z: 0}
  - {x: 1.2399675, y: -0.34829926, z: 0}
  - {x: 1.1865126, y: -0.41055408, z: 0}
  - {x: 1.13, y: -0.47, z: 0}
  - {x: 1.0705541, y: -0.5265126, z: 0}
  - {x: 1.0082994, y: -0.57996744, z: 0}
  - {x: 0.94336003, y: -0.63024, z: 0}
  - {x: 0.87586075, y: -0.6772059, z: 0}
  - {x: 0.80592597, y: -0.72074074, z: 0}
  - {x: 0.73368, y: -0.76072, z: 0}
  - {x: 0.65924746, y: -0.79701924, z: 0}
  - {x: 0.58275265, y: -0.8295141, z: 0}
  - {x: 0.50432, y: -0.85808, z: 0}
  - {x: 0.42407408, y: -0.8825926, z: 0}
  - {x: 0.34213927, y: -0.9029274, z: 0}
  - {x: 0.25864002, y: -0.91896, z: 0}
  - {x: 0.17370075, y: -0.93056595, z: 0}
  - {x: 0.08744593, y: -0.93762076, z: 0}
  - {x: 0, y: -0.94, z: 0}
  - {x: -0.08744593, y: -0.93762076, z: 0}
  - {x: -0.17370075, y: -0.93056595, z: 0}
  - {x: -0.25864002, y: -0.91896, z: 0}
  - {x: -0.34213927, y: -0.9029274, z: 0}
  - {x: -0.42407408, y: -0.8825926, z: 0}
  - {x: -0.50432, y: -0.85808, z: 0}
  - {x: -0.58275265, y: -0.8295141, z: 0}
  - {x: -0.65924746, y: -0.79701924, z: 0}
  - {x: -0.73368, y: -0.76072, z: 0}
  - {x: -0.80592597, y: -0.72074074, z: 0}
  - {x: -0.87586075, y: -0.6772059, z: 0}
  - {x: -0.94336003, y: -0.63024, z: 0}
  - {x: -1.0082994, y: -0.57996744, z: 0}
  - {x: -1.0705541, y: -0.5265126, z: 0}
  - {x: -1.13, y: -0.47, z: 0}
  - {x: -1.1865126, y: -0.41055408, z: 0}
  - {x: -1.2399675, y: -0.34829926, z: 0}
  - {x: -1.29024, y: -0.28336, z: 0}
  - {x: -1.337206, y: -0.21586074, z: 0}
  - {x: -1.3807408, y: -0.14592592, z: 0}
  - {x: -1.42072, y: -0.073680006, z: 0}
  - {x: -1.4570193, y: 0.00075259106, z: 0}
  - {x: -1.4895141, y: 0.07724741, z: 0}
  - {x: -1.51808, y: 0.15568, z: 0}
  - {x: -1.5425926, y: 0.23592593, z: 0}
  - {x: -1.5629275, y: 0.31786075, z: 0}
  - {x: -1.5789601, y: 0.40136, z: 0}
  - {x: -1.5905659, y: 0.48629928, z: 0}
  - {x: -1.5976207, y: 0.5725541, z: 0}
  - {x: -1.6, y: 0.66, z: 0}
  - {x: -1.5976207, y: 0.74744594, z: 0}
  - {x: -1.5905659, y: 0.8337008, z: 0}
  - {x: -1.5789601, y: 0.91864, z: 0}
  - {x: -1.5629275, y: 1.0021393, z: 0}
  - {x: -1.5425926, y: 1.0840741, z: 0}
  - {x: -1.51808, y: 1.16432, z: 0}
  - {x: -1.4895141, y: 1.2427527, z: 0}
  - {x: -1.4570193, y: 1.3192475, z: 0}
  - {x: -1.42072, y: 1.3936801, z: 0}
  - {x: -1.3807408, y: 1.4659259, z: 0}
  - {x: -1.337206, y: 1.5358608, z: 0}
  - {x: -1.29024, y: 1.60336, z: 0}
  - {x: -1.2399675, y: 1.6682993, z: 0}
  - {x: -1.1865126, y: 1.7305541, z: 0}
  - {x: -1.13, y: 1.7900001, z: 0}
  - {x: -1.0705541, y: 1.8465127, z: 0}
  - {x: -1.0082994, y: 1.8999674, z: 0}
  - {x: -0.94336003, y: 1.95024, z: 0}
  - {x: -0.87586075, y: 1.997206, z: 0}
  - {x: -0.80592597, y: 2.0407407, z: 0}
  - {x: -0.73368, y: 2.08072, z: 0}
  - {x: -0.65924746, y: 2.1170192, z: 0}
  - {x: -0.58275265, y: 2.149514, z: 0}
  - {x: -0.50432, y: 2.17808, z: 0}
  - {x: -0.42407408, y: 2.2025926, z: 0}
  - {x: -0.34213927, y: 2.2229273, z: 0}
  - {x: -0.25864002, y: 2.23896, z: 0}
  - {x: -0.17370075, y: 2.250566, z: 0}
  - {x: -0.08744593, y: 2.2576208, z: 0}
  - {x: 0, y: 2.26, z: 0}
  m_Parameters:
    serializedVersion: 3
    widthMultiplier: 1
    widthCurve:
      serializedVersion: 2
      m_Curve:
      - serializedVersion: 3
        time: 0
        value: 0.05
        inSlope: 0
        outSlope: 0
        tangentMode: 0
        weightedMode: 0
        inWeight: 0.33333334
        outWeight: 0.33333334
      m_PreInfinity: 2
      m_PostInfinity: 2
      m_RotationOrder: 4
    colorGradient:
      serializedVersion: 2
      key0: {r: 1, g: 1, b: 1, a: 1}
      key1: {r: 1, g: 1, b: 1, a: 1}
      key2: {r: 0, g: 0, b: 0, a: 0}
      key3: {r: 0, g: 0, b: 0, a: 0}
      key4: {r: 0, g: 0, b: 0, a: 0}
      key5: {r: 0, g: 0, b: 0, a: 0}
      key6: {r: 0, g: 0, b: 0, a: 0}
      key7: {r: 0, g: 0, b: 0, a: 0}
      ctime0: 0
      ctime1: 65535
      ctime2: 0
      ctime3: 0
      ctime4: 0
      ctime5: 0
      ctime6: 0
      ctime7: 0
      atime0: 0
      atime1: 65535
      atime2: 0
      atime3: 0
      atime4: 0
      atime5: 0
      atime6: 0
      atime7: 0
      m_Mode: 0
      m_NumColorKeys: 2
      m_NumAlphaKeys: 2
    numCornerVertices: 0
    numCapVertices: 0
    alignment: 0
    textureMode: 0
    shadowBias: 0.5
    generateLightingData: 0
  m_UseWorldSpace: 1
  m_Loop: 0
--- !u!114 &7186745147861225022
MonoBehaviour:
  m_ObjectHideFlags: 0
  m_CorrespondingSourceObject: {fileID: 0}
  m_PrefabInstance: {fileID: 0}
  m_PrefabAsset: {fileID: 0}
  m_GameObject: {fileID: 525304428240134508}
  m_Enabled: 1
  m_EditorHideFlags: 0
  m_Script: {fileID: 11500000, guid: b6d20671ad38ded4fa2362df353b9a31, type: 3}
  m_Name: 
  m_EditorClassIdentifier: 
  showHandles: 1
  hidden: 0
  parent: {fileID: 0}
  ccName: 
  fields: 1
  mathType: 0
  sectionParts: 30
  optimizeStraightLines: 0
  tolerance: 0.2
  usePositionToCalculateTangents: 0
  updateMode: 0
  rendererForUpdateCheck: {fileID: 0}
  mathChangedEvent:
    m_PersistentCalls:
      m_Calls: []
  spheresScale: 1
  spheresColor: {r: 1, g: 1, b: 1, a: 1}
  spheresCount: 100
--- !u!114 &4139822904570549648
MonoBehaviour:
  m_ObjectHideFlags: 0
  m_CorrespondingSourceObject: {fileID: 0}
  m_PrefabInstance: {fileID: 0}
  m_PrefabAsset: {fileID: 0}
  m_GameObject: {fileID: 525304428240134508}
  m_Enabled: 1
  m_EditorHideFlags: 0
  m_Script: {fileID: 11500000, guid: 8a69af748a081a14dbc7aa333bece5af, type: 3}
  m_Name: 
  m_EditorClassIdentifier: 
  showHandles: 1
  hidden: 0
  parent: {fileID: 7186745147861225022}
  ccName: 
  splitMode: 0
  partsTotal: 30
  partsPerSection: 30
  doNotOptimizeStraightLines: 0
  useLocal: 0
  spheresScale: 1
  spheresColor: {r: 1, g: 1, b: 1, a: 1}
  spheresCount: 100
  updateAtStart: 0
--- !u!114 &5033219390102577546
MonoBehaviour:
  m_ObjectHideFlags: 0
  m_CorrespondingSourceObject: {fileID: 0}
  m_PrefabInstance: {fileID: 0}
  m_PrefabAsset: {fileID: 0}
  m_GameObject: {fileID: 525304428240134508}
  m_Enabled: 1
  m_EditorHideFlags: 0
  m_Script: {fileID: 11500000, guid: 924df4c68ad59e943b47b75f2323f73a, type: 3}
  m_Name: 
  m_EditorClassIdentifier: 
  showHandles: 1
  hidden: 0
  parent: {fileID: 7186745147861225022}
  ccName: 
  distance: 0
  handlesScale: 1
  handlesColor: {r: 1, g: 1, b: 1, a: 1}
--- !u!114 &2605657368345352573
MonoBehaviour:
  m_ObjectHideFlags: 0
  m_CorrespondingSourceObject: {fileID: 0}
  m_PrefabInstance: {fileID: 0}
  m_PrefabAsset: {fileID: 0}
  m_GameObject: {fileID: 525304428240134508}
  m_Enabled: 1
  m_EditorHideFlags: 0
  m_Script: {fileID: 11500000, guid: 9d916ef28168e544d9dc5bb790f67ba0, type: 3}
  m_Name: 
  m_EditorClassIdentifier: 
  showHandles: 1
  hidden: 0
  parent: {fileID: 5033219390102577546}
  ccName: 
  objectToManipulate: {fileID: 7307101248657340987}
--- !u!1 &2060031231403673670
GameObject:
  m_ObjectHideFlags: 0
  m_CorrespondingSourceObject: {fileID: 0}
  m_PrefabInstance: {fileID: 0}
  m_PrefabAsset: {fileID: 0}
  serializedVersion: 6
  m_Component:
  - component: {fileID: 5212442370725445862}
  - component: {fileID: 4100972049045211285}
  - component: {fileID: 939235721746701809}
  - component: {fileID: 7613926596782121673}
  - component: {fileID: 3958690112074927547}
  - component: {fileID: 6146107574760609251}
  - component: {fileID: 1156980096583366020}
  m_Layer: 0
  m_Name: Line 3
  m_TagString: Untagged
  m_Icon: {fileID: 0}
  m_NavMeshLayer: 0
  m_StaticEditorFlags: 0
  m_IsActive: 1
--- !u!4 &5212442370725445862
Transform:
  m_ObjectHideFlags: 0
  m_CorrespondingSourceObject: {fileID: 0}
  m_PrefabInstance: {fileID: 0}
  m_PrefabAsset: {fileID: 0}
  m_GameObject: {fileID: 2060031231403673670}
  m_LocalRotation: {x: 0, y: 0, z: 1, w: 0}
  m_LocalPosition: {x: 0, y: 0.66, z: 0}
  m_LocalScale: {x: 1.3, y: 0.4, z: 1}
  m_Children: []
  m_Father: {fileID: 7307101246763098733}
  m_RootOrder: 2
  m_LocalEulerAnglesHint: {x: 0, y: 0, z: 180}
--- !u!114 &4100972049045211285
MonoBehaviour:
  m_ObjectHideFlags: 0
  m_CorrespondingSourceObject: {fileID: 0}
  m_PrefabInstance: {fileID: 0}
  m_PrefabAsset: {fileID: 0}
  m_GameObject: {fileID: 2060031231403673670}
  m_Enabled: 1
  m_EditorHideFlags: 0
  m_Script: {fileID: 11500000, guid: e70f079e2a6bf364e8185b765fbe61c0, type: 3}
  m_Name: 
  m_EditorClassIdentifier: 
  settings:
    hideHandles: 0
    newPointDistance: 2
    showCurve: 1
    showCurveMode: 1
    showCurveOption: 0
    sections: 20
    showPointMenu: 1
    showTangents: 0
    tangentsSize: 0.7
    tangentsColor: {r: 1, g: 1, b: 1, a: 1}
    tangentsPerSection: 1
    controlType: 1
    vRay: 0
    lineColor: {r: 1, g: 0, b: 0, a: 1}
    restrictGizmoz: 
    showPointControlType: 1
    showPointPosition: 1
    showHandles: 1
    handlesType: 0
    handlesSettings:
      RemoveX: 0
      RemoveY: 0
      RemoveZ: 1
      RemoveXZ: 1
      RemoveXY: 0
      RemoveYZ: 1
      AxisScale: 1
      PlanesScale: 1
      Alpha: 1
    showLabels: 1
    labelColor: {r: 1, g: 1, b: 1, a: 1}
    showPositions: 0
    labelColorSelected: {r: 0, g: 1, b: 0, a: 1}
    showSpheres: 1
    sphereRadius: 0.1
    sphereColor: {r: 1, g: 0, b: 0, a: 1}
    showPointControlPositions: 1
    showControlHandles: 1
    controlHandlesType: 0
    controlHandlesSettings:
      RemoveX: 0
      RemoveY: 0
      RemoveZ: 1
      RemoveXZ: 1
      RemoveXY: 0
      RemoveYZ: 1
      AxisScale: 0.7
      PlanesScale: 0.7
      Alpha: 0.7
    controlHandlesColor: {r: 0, g: 1, b: 1, a: 1}
    showControlLabels: 1
    showControlPositions: 0
    labelControlColor: {r: 1, g: 0.92156863, b: 0.015686275, a: 1}
    showTransformField: 0
    existing: 1
  mode2D: 1
  closed: 1
  points:
  - controlType: 1
    positionLocal: {x: 0, y: 2, z: 0}
    controlFirstLocal: {x: -1, y: 0, z: -0}
    controlSecondLocal: {x: 1, y: -0, z: 0}
    pointTransform: {fileID: 0}
    curve: {fileID: 4100972049045211285}
    fieldsValues: []
  - controlType: 1
    positionLocal: {x: 2, y: 0, z: 0}
    controlFirstLocal: {x: 0, y: 1, z: 0}
    controlSecondLocal: {x: -0, y: -1, z: -0}
    pointTransform: {fileID: 0}
    curve: {fileID: 4100972049045211285}
    fieldsValues: []
  - controlType: 1
    positionLocal: {x: 0, y: -2, z: 0}
    controlFirstLocal: {x: 1, y: 0, z: 0}
    controlSecondLocal: {x: -1, y: -0, z: -0}
    pointTransform: {fileID: 0}
    curve: {fileID: 4100972049045211285}
    fieldsValues: []
  - controlType: 1
    positionLocal: {x: -2, y: 0, z: 0}
    controlFirstLocal: {x: 0, y: -1, z: -0}
    controlSecondLocal: {x: -0, y: 1, z: 0}
    pointTransform: {fileID: 0}
    curve: {fileID: 4100972049045211285}
    fieldsValues: []
  pointsComponents: []
  pointsGameObjects: []
  fields: []
  snapType: 0
  snapAxis: 1
  snapDistance: 10
  snapLayerMask:
    serializedVersion: 2
    m_Bits: 4294967295
  snapTriggerInteraction: 0
  snapToBackFaces: 0
  snapMonitoring: 0
  eventMode: 0
  pointsMode: 0
  forceChangedEventMode: 0
--- !u!120 &939235721746701809
LineRenderer:
  m_ObjectHideFlags: 0
  m_CorrespondingSourceObject: {fileID: 0}
  m_PrefabInstance: {fileID: 0}
  m_PrefabAsset: {fileID: 0}
  m_GameObject: {fileID: 2060031231403673670}
  m_Enabled: 1
  m_CastShadows: 1
  m_ReceiveShadows: 1
  m_DynamicOccludee: 1
  m_MotionVectors: 0
  m_LightProbeUsage: 0
  m_ReflectionProbeUsage: 0
  m_RayTracingMode: 0
  m_RenderingLayerMask: 1
  m_RendererPriority: 0
  m_Materials:
  - {fileID: 2100000, guid: 6cb3650f50dfad54c8b05afcedfa398d, type: 2}
  m_StaticBatchInfo:
    firstSubMesh: 0
    subMeshCount: 0
  m_StaticBatchRoot: {fileID: 0}
  m_ProbeAnchor: {fileID: 0}
  m_LightProbeVolumeOverride: {fileID: 0}
  m_ScaleInLightmap: 1
  m_ReceiveGI: 1
  m_PreserveUVs: 0
  m_IgnoreNormalsForChartDetection: 0
  m_ImportantGI: 0
  m_StitchLightmapSeams: 1
  m_SelectedEditorRenderState: 3
  m_MinimumChartSize: 4
  m_AutoUVMaxDistance: 0.5
  m_AutoUVMaxAngle: 89
  m_LightmapParameters: {fileID: 0}
  m_SortingLayerID: 0
  m_SortingLayer: 0
  m_SortingOrder: 0
  m_Positions:
  - {x: 0, y: -0.13999999, z: 0}
  - {x: -0.12995185, y: -0.13868147, z: 0}
  - {x: -0.2596148, y: -0.13478518, z: 0}
  - {x: -0.38869998, y: -0.12839998, z: 0}
  - {x: -0.5169185, y: -0.1196148, z: 0}
  - {x: -0.64398146, y: -0.1085185, z: 0}
  - {x: -0.7696, y: -0.09519999, z: 0}
  - {x: -0.8934851, y: -0.07974813, z: 0}
  - {x: -1.0153481, y: -0.062251836, z: 0}
  - {x: -1.1349, y: -0.042799983, z: 0}
  - {x: -1.2518518, y: -0.021481466, z: 0}
  - {x: -1.3659148, y: 0.0016148313, z: 0}
  - {x: -1.4768, y: 0.026400017, z: 0}
  - {x: -1.5842185, y: 0.052785203, z: 0}
  - {x: -1.6878815, y: 0.080681495, z: 0}
  - {x: -1.7874999, y: 0.11000002, z: 0}
  - {x: -1.8827851, y: 0.14065187, z: 0}
  - {x: -1.973448, y: 0.17254816, z: 0}
  - {x: -2.0591998, y: 0.20560002, z: 0}
  - {x: -2.1397517, y: 0.23971854, z: 0}
  - {x: -2.2148147, y: 0.27481484, z: 0}
  - {x: -2.2840998, y: 0.31080002, z: 0}
  - {x: -2.3473184, y: 0.3475852, z: 0}
  - {x: -2.4041815, y: 0.3850815, z: 0}
  - {x: -2.4543998, y: 0.4232, z: 0}
  - {x: -2.4976852, y: 0.46185187, z: 0}
  - {x: -2.5337481, y: 0.5009482, z: 0}
  - {x: -2.5623, y: 0.5404, z: 0}
  - {x: -2.5830517, y: 0.58011854, z: 0}
  - {x: -2.5957148, y: 0.62001485, z: 0}
  - {x: -2.6, y: 0.66, z: 0}
  - {x: -2.5957148, y: 0.6999852, z: 0}
  - {x: -2.5830517, y: 0.7398815, z: 0}
  - {x: -2.5623, y: 0.7796, z: 0}
  - {x: -2.5337481, y: 0.81905186, z: 0}
  - {x: -2.4976852, y: 0.8581482, z: 0}
  - {x: -2.4543998, y: 0.89680004, z: 0}
  - {x: -2.4041815, y: 0.9349186, z: 0}
  - {x: -2.3473184, y: 0.97241485, z: 0}
  - {x: -2.2840998, y: 1.0092001, z: 0}
  - {x: -2.2148147, y: 1.0451852, z: 0}
  - {x: -2.1397517, y: 1.0802815, z: 0}
  - {x: -2.0591998, y: 1.1144, z: 0}
  - {x: -1.973448, y: 1.1474519, z: 0}
  - {x: -1.8827851, y: 1.1793482, z: 0}
  - {x: -1.7874999, y: 1.21, z: 0}
  - {x: -1.6878815, y: 1.2393186, z: 0}
  - {x: -1.5842185, y: 1.2672149, z: 0}
  - {x: -1.4768, y: 1.2936001, z: 0}
  - {x: -1.3659148, y: 1.3183852, z: 0}
  - {x: -1.2518518, y: 1.3414816, z: 0}
  - {x: -1.1349, y: 1.3628, z: 0}
  - {x: -1.0153481, y: 1.3822519, z: 0}
  - {x: -0.8934851, y: 1.3997482, z: 0}
  - {x: -0.7696, y: 1.4152, z: 0}
  - {x: -0.64398146, y: 1.4285185, z: 0}
  - {x: -0.5169185, y: 1.4396149, z: 0}
  - {x: -0.38869998, y: 1.4484, z: 0}
  - {x: -0.2596148, y: 1.4547852, z: 0}
  - {x: -0.12995185, y: 1.4586815, z: 0}
  - {x: 0, y: 1.46, z: 0}
  - {x: 0.12995185, y: 1.4586815, z: 0}
  - {x: 0.2596148, y: 1.4547852, z: 0}
  - {x: 0.38869998, y: 1.4484, z: 0}
  - {x: 0.5169185, y: 1.4396149, z: 0}
  - {x: 0.64398146, y: 1.4285185, z: 0}
  - {x: 0.7696, y: 1.4152, z: 0}
  - {x: 0.8934851, y: 1.3997482, z: 0}
  - {x: 1.0153481, y: 1.3822519, z: 0}
  - {x: 1.1349, y: 1.3628, z: 0}
  - {x: 1.2518518, y: 1.3414816, z: 0}
  - {x: 1.3659148, y: 1.3183852, z: 0}
  - {x: 1.4768, y: 1.2936001, z: 0}
  - {x: 1.5842185, y: 1.2672149, z: 0}
  - {x: 1.6878815, y: 1.2393186, z: 0}
  - {x: 1.7874999, y: 1.21, z: 0}
  - {x: 1.8827851, y: 1.1793482, z: 0}
  - {x: 1.973448, y: 1.1474519, z: 0}
  - {x: 2.0591998, y: 1.1144, z: 0}
  - {x: 2.1397517, y: 1.0802815, z: 0}
  - {x: 2.2148147, y: 1.0451852, z: 0}
  - {x: 2.2840998, y: 1.0092001, z: 0}
  - {x: 2.3473184, y: 0.97241485, z: 0}
  - {x: 2.4041815, y: 0.9349186, z: 0}
  - {x: 2.4543998, y: 0.89680004, z: 0}
  - {x: 2.4976852, y: 0.8581482, z: 0}
  - {x: 2.5337481, y: 0.81905186, z: 0}
  - {x: 2.5623, y: 0.7796, z: 0}
  - {x: 2.5830517, y: 0.7398815, z: 0}
  - {x: 2.5957148, y: 0.6999852, z: 0}
  - {x: 2.6, y: 0.66, z: 0}
  - {x: 2.5957148, y: 0.62001485, z: 0}
  - {x: 2.5830517, y: 0.58011854, z: 0}
  - {x: 2.5623, y: 0.5404, z: 0}
  - {x: 2.5337481, y: 0.5009482, z: 0}
  - {x: 2.4976852, y: 0.46185187, z: 0}
  - {x: 2.4543998, y: 0.4232, z: 0}
  - {x: 2.4041815, y: 0.3850815, z: 0}
  - {x: 2.3473184, y: 0.3475852, z: 0}
  - {x: 2.2840998, y: 0.31080002, z: 0}
  - {x: 2.2148147, y: 0.27481484, z: 0}
  - {x: 2.1397517, y: 0.23971854, z: 0}
  - {x: 2.0591998, y: 0.20560002, z: 0}
  - {x: 1.973448, y: 0.17254816, z: 0}
  - {x: 1.8827851, y: 0.14065187, z: 0}
  - {x: 1.7874999, y: 0.11000002, z: 0}
  - {x: 1.6878815, y: 0.080681495, z: 0}
  - {x: 1.5842185, y: 0.052785203, z: 0}
  - {x: 1.4768, y: 0.026400017, z: 0}
  - {x: 1.3659148, y: 0.0016148313, z: 0}
  - {x: 1.2518518, y: -0.021481466, z: 0}
  - {x: 1.1349, y: -0.042799983, z: 0}
  - {x: 1.0153481, y: -0.062251836, z: 0}
  - {x: 0.8934851, y: -0.07974813, z: 0}
  - {x: 0.7696, y: -0.09519999, z: 0}
  - {x: 0.64398146, y: -0.1085185, z: 0}
  - {x: 0.5169185, y: -0.1196148, z: 0}
  - {x: 0.38869998, y: -0.12839998, z: 0}
  - {x: 0.2596148, y: -0.13478518, z: 0}
  - {x: 0.12995185, y: -0.13868147, z: 0}
  - {x: 0, y: -0.13999999, z: 0}
  m_Parameters:
    serializedVersion: 3
    widthMultiplier: 1
    widthCurve:
      serializedVersion: 2
      m_Curve:
      - serializedVersion: 3
        time: 0
        value: 0.05
        inSlope: 0
        outSlope: 0
        tangentMode: 0
        weightedMode: 0
        inWeight: 0.33333334
        outWeight: 0.33333334
      m_PreInfinity: 2
      m_PostInfinity: 2
      m_RotationOrder: 4
    colorGradient:
      serializedVersion: 2
      key0: {r: 1, g: 1, b: 1, a: 1}
      key1: {r: 1, g: 1, b: 1, a: 1}
      key2: {r: 0, g: 0, b: 0, a: 0}
      key3: {r: 0, g: 0, b: 0, a: 0}
      key4: {r: 0, g: 0, b: 0, a: 0}
      key5: {r: 0, g: 0, b: 0, a: 0}
      key6: {r: 0, g: 0, b: 0, a: 0}
      key7: {r: 0, g: 0, b: 0, a: 0}
      ctime0: 0
      ctime1: 65535
      ctime2: 0
      ctime3: 0
      ctime4: 0
      ctime5: 0
      ctime6: 0
      ctime7: 0
      atime0: 0
      atime1: 65535
      atime2: 0
      atime3: 0
      atime4: 0
      atime5: 0
      atime6: 0
      atime7: 0
      m_Mode: 0
      m_NumColorKeys: 2
      m_NumAlphaKeys: 2
    numCornerVertices: 0
    numCapVertices: 0
    alignment: 0
    textureMode: 0
    shadowBias: 0.5
    generateLightingData: 0
  m_UseWorldSpace: 1
  m_Loop: 0
--- !u!114 &7613926596782121673
MonoBehaviour:
  m_ObjectHideFlags: 0
  m_CorrespondingSourceObject: {fileID: 0}
  m_PrefabInstance: {fileID: 0}
  m_PrefabAsset: {fileID: 0}
  m_GameObject: {fileID: 2060031231403673670}
  m_Enabled: 1
  m_EditorHideFlags: 0
  m_Script: {fileID: 11500000, guid: b6d20671ad38ded4fa2362df353b9a31, type: 3}
  m_Name: 
  m_EditorClassIdentifier: 
  showHandles: 1
  hidden: 0
  parent: {fileID: 0}
  ccName: 
  fields: 1
  mathType: 0
  sectionParts: 30
  optimizeStraightLines: 0
  tolerance: 0.2
  usePositionToCalculateTangents: 0
  updateMode: 0
  rendererForUpdateCheck: {fileID: 0}
  mathChangedEvent:
    m_PersistentCalls:
      m_Calls: []
  spheresScale: 1
  spheresColor: {r: 1, g: 1, b: 1, a: 1}
  spheresCount: 100
--- !u!114 &3958690112074927547
MonoBehaviour:
  m_ObjectHideFlags: 0
  m_CorrespondingSourceObject: {fileID: 0}
  m_PrefabInstance: {fileID: 0}
  m_PrefabAsset: {fileID: 0}
  m_GameObject: {fileID: 2060031231403673670}
  m_Enabled: 1
  m_EditorHideFlags: 0
  m_Script: {fileID: 11500000, guid: 8a69af748a081a14dbc7aa333bece5af, type: 3}
  m_Name: 
  m_EditorClassIdentifier: 
  showHandles: 1
  hidden: 0
  parent: {fileID: 7613926596782121673}
  ccName: 
  splitMode: 0
  partsTotal: 30
  partsPerSection: 30
  doNotOptimizeStraightLines: 0
  useLocal: 0
  spheresScale: 1
  spheresColor: {r: 1, g: 1, b: 1, a: 1}
  spheresCount: 100
  updateAtStart: 0
--- !u!114 &6146107574760609251
MonoBehaviour:
  m_ObjectHideFlags: 0
  m_CorrespondingSourceObject: {fileID: 0}
  m_PrefabInstance: {fileID: 0}
  m_PrefabAsset: {fileID: 0}
  m_GameObject: {fileID: 2060031231403673670}
  m_Enabled: 1
  m_EditorHideFlags: 0
  m_Script: {fileID: 11500000, guid: 924df4c68ad59e943b47b75f2323f73a, type: 3}
  m_Name: 
  m_EditorClassIdentifier: 
  showHandles: 1
  hidden: 0
  parent: {fileID: 7613926596782121673}
  ccName: 
  distance: 0
  handlesScale: 1
  handlesColor: {r: 1, g: 1, b: 1, a: 1}
--- !u!114 &1156980096583366020
MonoBehaviour:
  m_ObjectHideFlags: 0
  m_CorrespondingSourceObject: {fileID: 0}
  m_PrefabInstance: {fileID: 0}
  m_PrefabAsset: {fileID: 0}
  m_GameObject: {fileID: 2060031231403673670}
  m_Enabled: 1
  m_EditorHideFlags: 0
  m_Script: {fileID: 11500000, guid: 9d916ef28168e544d9dc5bb790f67ba0, type: 3}
  m_Name: 
  m_EditorClassIdentifier: 
  showHandles: 1
  hidden: 0
  parent: {fileID: 6146107574760609251}
  ccName: 
  objectToManipulate: {fileID: 5245269159547247857}
--- !u!1 &3308510057784838087
GameObject:
  m_ObjectHideFlags: 0
  m_CorrespondingSourceObject: {fileID: 0}
  m_PrefabInstance: {fileID: 0}
  m_PrefabAsset: {fileID: 0}
  serializedVersion: 6
  m_Component:
  - component: {fileID: 5245269159547247857}
  - component: {fileID: 5489996642192105290}
  m_Layer: 0
  m_Name: p3
  m_TagString: Untagged
  m_Icon: {fileID: 0}
  m_NavMeshLayer: 0
  m_StaticEditorFlags: 0
  m_IsActive: 1
--- !u!4 &5245269159547247857
Transform:
  m_ObjectHideFlags: 0
  m_CorrespondingSourceObject: {fileID: 0}
  m_PrefabInstance: {fileID: 0}
  m_PrefabAsset: {fileID: 0}
  m_GameObject: {fileID: 3308510057784838087}
  m_LocalRotation: {x: 0, y: 0, z: 0, w: 1}
  m_LocalPosition: {x: 0, y: -0.13999999, z: 9}
  m_LocalScale: {x: 0.7, y: 0.7, z: 1}
  m_Children: []
  m_Father: {fileID: 7307101248120110935}
  m_RootOrder: 2
  m_LocalEulerAnglesHint: {x: 0, y: 0, z: 0}
--- !u!212 &5489996642192105290
SpriteRenderer:
  m_ObjectHideFlags: 0
  m_CorrespondingSourceObject: {fileID: 0}
  m_PrefabInstance: {fileID: 0}
  m_PrefabAsset: {fileID: 0}
  m_GameObject: {fileID: 3308510057784838087}
  m_Enabled: 1
  m_CastShadows: 0
  m_ReceiveShadows: 0
  m_DynamicOccludee: 1
  m_MotionVectors: 1
  m_LightProbeUsage: 1
  m_ReflectionProbeUsage: 1
  m_RayTracingMode: 0
  m_RenderingLayerMask: 1
  m_RendererPriority: 0
  m_Materials:
  - {fileID: 10754, guid: 0000000000000000f000000000000000, type: 0}
  m_StaticBatchInfo:
    firstSubMesh: 0
    subMeshCount: 0
  m_StaticBatchRoot: {fileID: 0}
  m_ProbeAnchor: {fileID: 0}
  m_LightProbeVolumeOverride: {fileID: 0}
  m_ScaleInLightmap: 1
  m_ReceiveGI: 1
  m_PreserveUVs: 0
  m_IgnoreNormalsForChartDetection: 0
  m_ImportantGI: 0
  m_StitchLightmapSeams: 1
  m_SelectedEditorRenderState: 0
  m_MinimumChartSize: 4
  m_AutoUVMaxDistance: 0.5
  m_AutoUVMaxAngle: 89
  m_LightmapParameters: {fileID: 0}
  m_SortingLayerID: 0
  m_SortingLayer: 0
  m_SortingOrder: 0
  m_Sprite: {fileID: 21300000, guid: 5b137d068d8b3884ebab022523259502, type: 3}
  m_Color: {r: 1, g: 1, b: 1, a: 1}
  m_FlipX: 0
  m_FlipY: 0
  m_DrawMode: 0
  m_Size: {x: 0.78, y: 0.78}
  m_AdaptiveModeThreshold: 0.5
  m_SpriteTileMode: 0
  m_WasSpriteAssigned: 1
  m_MaskInteraction: 0
  m_SpriteSortPoint: 0
--- !u!1 &7307101246763098732
GameObject:
  m_ObjectHideFlags: 0
  m_CorrespondingSourceObject: {fileID: 0}
  m_PrefabInstance: {fileID: 0}
  m_PrefabAsset: {fileID: 0}
  serializedVersion: 6
  m_Component:
  - component: {fileID: 7307101246763098733}
  m_Layer: 0
  m_Name: Lines
  m_TagString: Untagged
  m_Icon: {fileID: 0}
  m_NavMeshLayer: 0
  m_StaticEditorFlags: 0
  m_IsActive: 1
--- !u!4 &7307101246763098733
Transform:
  m_ObjectHideFlags: 0
  m_CorrespondingSourceObject: {fileID: 0}
  m_PrefabInstance: {fileID: 0}
  m_PrefabAsset: {fileID: 0}
  m_GameObject: {fileID: 7307101246763098732}
  m_LocalRotation: {x: 0, y: 0, z: 0, w: 1}
  m_LocalPosition: {x: 0, y: 0, z: 0}
  m_LocalScale: {x: 1, y: 1, z: 1}
  m_Children:
  - {fileID: 2629296404636394774}
  - {fileID: 8806515839294620406}
  - {fileID: 5212442370725445862}
  m_Father: {fileID: 7307101246850593856}
  m_RootOrder: 3
  m_LocalEulerAnglesHint: {x: 0, y: 0, z: 0}
--- !u!1 &7307101246809237755
GameObject:
  m_ObjectHideFlags: 0
  m_CorrespondingSourceObject: {fileID: 0}
  m_PrefabInstance: {fileID: 0}
  m_PrefabAsset: {fileID: 0}
  serializedVersion: 6
  m_Component:
  - component: {fileID: 7307101246809237752}
  - component: {fileID: 7307101246809237753}
  m_Layer: 0
  m_Name: BG
  m_TagString: Untagged
  m_Icon: {fileID: 0}
  m_NavMeshLayer: 0
  m_StaticEditorFlags: 0
  m_IsActive: 1
--- !u!4 &7307101246809237752
Transform:
  m_ObjectHideFlags: 0
  m_CorrespondingSourceObject: {fileID: 0}
  m_PrefabInstance: {fileID: 0}
  m_PrefabAsset: {fileID: 0}
  m_GameObject: {fileID: 7307101246809237755}
  m_LocalRotation: {x: 0, y: 0, z: 0, w: 1}
  m_LocalPosition: {x: 0, y: 0, z: 1.21}
  m_LocalScale: {x: 1, y: 1, z: 1}
  m_Children: []
  m_Father: {fileID: 7307101246850593856}
  m_RootOrder: 1
  m_LocalEulerAnglesHint: {x: 0, y: 0, z: 0}
--- !u!212 &7307101246809237753
SpriteRenderer:
  m_ObjectHideFlags: 0
  m_CorrespondingSourceObject: {fileID: 0}
  m_PrefabInstance: {fileID: 0}
  m_PrefabAsset: {fileID: 0}
  m_GameObject: {fileID: 7307101246809237755}
  m_Enabled: 1
  m_CastShadows: 0
  m_ReceiveShadows: 0
  m_DynamicOccludee: 1
  m_MotionVectors: 1
  m_LightProbeUsage: 1
  m_ReflectionProbeUsage: 1
  m_RayTracingMode: 0
  m_RenderingLayerMask: 1
  m_RendererPriority: 0
  m_Materials:
  - {fileID: 10754, guid: 0000000000000000f000000000000000, type: 0}
  m_StaticBatchInfo:
    firstSubMesh: 0
    subMeshCount: 0
  m_StaticBatchRoot: {fileID: 0}
  m_ProbeAnchor: {fileID: 0}
  m_LightProbeVolumeOverride: {fileID: 0}
  m_ScaleInLightmap: 1
  m_ReceiveGI: 1
  m_PreserveUVs: 0
  m_IgnoreNormalsForChartDetection: 0
  m_ImportantGI: 0
  m_StitchLightmapSeams: 1
  m_SelectedEditorRenderState: 0
  m_MinimumChartSize: 4
  m_AutoUVMaxDistance: 0.5
  m_AutoUVMaxAngle: 89
  m_LightmapParameters: {fileID: 0}
  m_SortingLayerID: 0
  m_SortingLayer: 0
  m_SortingOrder: 0
  m_Sprite: {fileID: 21300000, guid: 2a38b70c5d2a3964cb904a8f58a4f7a8, type: 3}
  m_Color: {r: 1, g: 1, b: 1, a: 1}
  m_FlipX: 0
  m_FlipY: 0
  m_DrawMode: 0
  m_Size: {x: 10.75, y: 19.15}
  m_AdaptiveModeThreshold: 0.5
  m_SpriteTileMode: 0
  m_WasSpriteAssigned: 1
  m_MaskInteraction: 0
  m_SpriteSortPoint: 0
--- !u!1 &7307101246850593859
GameObject:
  m_ObjectHideFlags: 0
  m_CorrespondingSourceObject: {fileID: 0}
  m_PrefabInstance: {fileID: 0}
  m_PrefabAsset: {fileID: 0}
  serializedVersion: 6
  m_Component:
  - component: {fileID: 7307101246850593856}
  - component: {fileID: 7307101246850593857}
  m_Layer: 0
  m_Name: Level 12-1
  m_TagString: Untagged
  m_Icon: {fileID: 0}
  m_NavMeshLayer: 0
  m_StaticEditorFlags: 0
  m_IsActive: 1
--- !u!4 &7307101246850593856
Transform:
  m_ObjectHideFlags: 0
  m_CorrespondingSourceObject: {fileID: 0}
  m_PrefabInstance: {fileID: 0}
  m_PrefabAsset: {fileID: 0}
  m_GameObject: {fileID: 7307101246850593859}
  m_LocalRotation: {x: 0, y: 0, z: 0, w: 1}
  m_LocalPosition: {x: 0, y: 0, z: 0}
  m_LocalScale: {x: 1, y: 1, z: 1}
  m_Children:
  - {fileID: 7307101248772584792}
  - {fileID: 7307101246809237752}
  - {fileID: 7307101248120110935}
  - {fileID: 7307101246763098733}
  - {fileID: 1472997188892915471}
  m_Father: {fileID: 0}
  m_RootOrder: 0
  m_LocalEulerAnglesHint: {x: 0, y: 0, z: 0}
--- !u!114 &7307101246850593857
MonoBehaviour:
  m_ObjectHideFlags: 0
  m_CorrespondingSourceObject: {fileID: 0}
  m_PrefabInstance: {fileID: 0}
  m_PrefabAsset: {fileID: 0}
  m_GameObject: {fileID: 7307101246850593859}
  m_Enabled: 1
  m_EditorHideFlags: 0
  m_Script: {fileID: 11500000, guid: 6156accd7665ce7429d6dabd7e6d4830, type: 3}
  m_Name: 
  m_EditorClassIdentifier: 
  isLevelHint: 0
  trsPointGroup: {fileID: 7307101248120110935}
  trsLineGroup: {fileID: 7307101246763098733}
  trsMoveLine: {fileID: 1472997188892915471}
  idWorld: 0
  id: 12
  musicID: 6
  isAllCircle: 1
  isAllEllipse: 0
  isAllSquareNormal: 0
  isAllTriangleNormal: 0
  isAllRhombus: 0
  isAllLines: 0
  isCustom: 0
  moveTime: 2.5
  numberStep: 8
  timeWin: 3
  turns:
  - beatsID: 03000000
    lineNumber: 02000000
  - beatsID: 04000000
    lineNumber: 0100000003000000
  - beatsID: 0200000001000000
    lineNumber: 02000000
  lineBallsAuto: 
  lineBallsAutoForHint: 
  linesRotate: []
  ballsActive: []
  lineHightLights: []
--- !u!1 &7307101247772640718
GameObject:
  m_ObjectHideFlags: 0
  m_CorrespondingSourceObject: {fileID: 0}
  m_PrefabInstance: {fileID: 0}
  m_PrefabAsset: {fileID: 0}
  serializedVersion: 6
  m_Component:
  - component: {fileID: 7307101247772640719}
  - component: {fileID: 7307101247772640716}
  m_Layer: 0
  m_Name: p1
  m_TagString: Untagged
  m_Icon: {fileID: 0}
  m_NavMeshLayer: 0
  m_StaticEditorFlags: 0
  m_IsActive: 1
--- !u!4 &7307101247772640719
Transform:
  m_ObjectHideFlags: 0
  m_CorrespondingSourceObject: {fileID: 0}
  m_PrefabInstance: {fileID: 0}
  m_PrefabAsset: {fileID: 0}
  m_GameObject: {fileID: 7307101247772640718}
  m_LocalRotation: {x: 0, y: 0, z: 1, w: 0}
  m_LocalPosition: {x: 0, y: 1.46, z: 9}
  m_LocalScale: {x: 0.7, y: 0.7, z: 1}
  m_Children: []
  m_Father: {fileID: 7307101248120110935}
  m_RootOrder: 0
  m_LocalEulerAnglesHint: {x: 0, y: 0, z: 180}
--- !u!212 &7307101247772640716
SpriteRenderer:
  m_ObjectHideFlags: 0
  m_CorrespondingSourceObject: {fileID: 0}
  m_PrefabInstance: {fileID: 0}
  m_PrefabAsset: {fileID: 0}
  m_GameObject: {fileID: 7307101247772640718}
  m_Enabled: 1
  m_CastShadows: 0
  m_ReceiveShadows: 0
  m_DynamicOccludee: 1
  m_MotionVectors: 1
  m_LightProbeUsage: 1
  m_ReflectionProbeUsage: 1
  m_RayTracingMode: 0
  m_RenderingLayerMask: 1
  m_RendererPriority: 0
  m_Materials:
  - {fileID: 10754, guid: 0000000000000000f000000000000000, type: 0}
  m_StaticBatchInfo:
    firstSubMesh: 0
    subMeshCount: 0
  m_StaticBatchRoot: {fileID: 0}
  m_ProbeAnchor: {fileID: 0}
  m_LightProbeVolumeOverride: {fileID: 0}
  m_ScaleInLightmap: 1
  m_ReceiveGI: 1
  m_PreserveUVs: 0
  m_IgnoreNormalsForChartDetection: 0
  m_ImportantGI: 0
  m_StitchLightmapSeams: 1
  m_SelectedEditorRenderState: 0
  m_MinimumChartSize: 4
  m_AutoUVMaxDistance: 0.5
  m_AutoUVMaxAngle: 89
  m_LightmapParameters: {fileID: 0}
  m_SortingLayerID: 0
  m_SortingLayer: 0
  m_SortingOrder: 0
  m_Sprite: {fileID: 21300000, guid: 5b137d068d8b3884ebab022523259502, type: 3}
  m_Color: {r: 1, g: 1, b: 1, a: 1}
  m_FlipX: 0
  m_FlipY: 0
  m_DrawMode: 0
  m_Size: {x: 0.78, y: 0.78}
  m_AdaptiveModeThreshold: 0.5
  m_SpriteTileMode: 0
  m_WasSpriteAssigned: 1
  m_MaskInteraction: 0
  m_SpriteSortPoint: 0
--- !u!1 &7307101248120110934
GameObject:
  m_ObjectHideFlags: 0
  m_CorrespondingSourceObject: {fileID: 0}
  m_PrefabInstance: {fileID: 0}
  m_PrefabAsset: {fileID: 0}
  serializedVersion: 6
  m_Component:
  - component: {fileID: 7307101248120110935}
  m_Layer: 0
  m_Name: Points
  m_TagString: Untagged
  m_Icon: {fileID: 0}
  m_NavMeshLayer: 0
  m_StaticEditorFlags: 0
  m_IsActive: 1
--- !u!4 &7307101248120110935
Transform:
  m_ObjectHideFlags: 0
  m_CorrespondingSourceObject: {fileID: 0}
  m_PrefabInstance: {fileID: 0}
  m_PrefabAsset: {fileID: 0}
  m_GameObject: {fileID: 7307101248120110934}
  m_LocalRotation: {x: 0, y: 0, z: 0, w: 1}
  m_LocalPosition: {x: 0, y: 0, z: -9}
  m_LocalScale: {x: 1, y: 1, z: 1}
  m_Children:
  - {fileID: 7307101247772640719}
  - {fileID: 7307101248657340987}
  - {fileID: 5245269159547247857}
  m_Father: {fileID: 7307101246850593856}
  m_RootOrder: 2
  m_LocalEulerAnglesHint: {x: 0, y: 0, z: 0}
--- !u!1 &7307101248657340986
GameObject:
  m_ObjectHideFlags: 0
  m_CorrespondingSourceObject: {fileID: 0}
  m_PrefabInstance: {fileID: 0}
  m_PrefabAsset: {fileID: 0}
  serializedVersion: 6
  m_Component:
  - component: {fileID: 7307101248657340987}
  - component: {fileID: 7307101248657340984}
  m_Layer: 0
  m_Name: p2
  m_TagString: Untagged
  m_Icon: {fileID: 0}
  m_NavMeshLayer: 0
  m_StaticEditorFlags: 0
  m_IsActive: 1
--- !u!4 &7307101248657340987
Transform:
  m_ObjectHideFlags: 0
  m_CorrespondingSourceObject: {fileID: 0}
  m_PrefabInstance: {fileID: 0}
  m_PrefabAsset: {fileID: 0}
  m_GameObject: {fileID: 7307101248657340986}
  m_LocalRotation: {x: 0, y: 0, z: 1, w: 0}
  m_LocalPosition: {x: 0, y: 2.26, z: 9}
  m_LocalScale: {x: 0.7, y: 0.7, z: 1}
  m_Children: []
  m_Father: {fileID: 7307101248120110935}
  m_RootOrder: 1
  m_LocalEulerAnglesHint: {x: 0, y: 0, z: 180}
--- !u!212 &7307101248657340984
SpriteRenderer:
  m_ObjectHideFlags: 0
  m_CorrespondingSourceObject: {fileID: 0}
  m_PrefabInstance: {fileID: 0}
  m_PrefabAsset: {fileID: 0}
  m_GameObject: {fileID: 7307101248657340986}
  m_Enabled: 1
  m_CastShadows: 0
  m_ReceiveShadows: 0
  m_DynamicOccludee: 1
  m_MotionVectors: 1
  m_LightProbeUsage: 1
  m_ReflectionProbeUsage: 1
  m_RayTracingMode: 0
  m_RenderingLayerMask: 1
  m_RendererPriority: 0
  m_Materials:
  - {fileID: 10754, guid: 0000000000000000f000000000000000, type: 0}
  m_StaticBatchInfo:
    firstSubMesh: 0
    subMeshCount: 0
  m_StaticBatchRoot: {fileID: 0}
  m_ProbeAnchor: {fileID: 0}
  m_LightProbeVolumeOverride: {fileID: 0}
  m_ScaleInLightmap: 1
  m_ReceiveGI: 1
  m_PreserveUVs: 0
  m_IgnoreNormalsForChartDetection: 0
  m_ImportantGI: 0
  m_StitchLightmapSeams: 1
  m_SelectedEditorRenderState: 0
  m_MinimumChartSize: 4
  m_AutoUVMaxDistance: 0.5
  m_AutoUVMaxAngle: 89
  m_LightmapParameters: {fileID: 0}
  m_SortingLayerID: 0
  m_SortingLayer: 0
  m_SortingOrder: 0
  m_Sprite: {fileID: 21300000, guid: 5b137d068d8b3884ebab022523259502, type: 3}
  m_Color: {r: 1, g: 1, b: 1, a: 1}
  m_FlipX: 0
  m_FlipY: 0
  m_DrawMode: 0
  m_Size: {x: 0.78, y: 0.78}
  m_AdaptiveModeThreshold: 0.5
  m_SpriteTileMode: 0
  m_WasSpriteAssigned: 1
  m_MaskInteraction: 0
  m_SpriteSortPoint: 0
--- !u!1 &7307101248772584795
GameObject:
  m_ObjectHideFlags: 0
  m_CorrespondingSourceObject: {fileID: 0}
  m_PrefabInstance: {fileID: 0}
  m_PrefabAsset: {fileID: 0}
  serializedVersion: 6
  m_Component:
  - component: {fileID: 7307101248772584792}
  - component: {fileID: 7307101248772584793}
  m_Layer: 0
  m_Name: 'Demo '
  m_TagString: Untagged
  m_Icon: {fileID: 0}
  m_NavMeshLayer: 0
  m_StaticEditorFlags: 0
  m_IsActive: 0
--- !u!4 &7307101248772584792
Transform:
  m_ObjectHideFlags: 0
  m_CorrespondingSourceObject: {fileID: 0}
  m_PrefabInstance: {fileID: 0}
  m_PrefabAsset: {fileID: 0}
  m_GameObject: {fileID: 7307101248772584795}
  m_LocalRotation: {x: -0, y: -0, z: -0, w: 1}
  m_LocalPosition: {x: 0, y: 0, z: 0}
  m_LocalScale: {x: 2, y: 2, z: 1}
  m_Children: []
  m_Father: {fileID: 7307101246850593856}
  m_RootOrder: 0
  m_LocalEulerAnglesHint: {x: 0, y: 0, z: 0}
--- !u!212 &7307101248772584793
SpriteRenderer:
  m_ObjectHideFlags: 0
  m_CorrespondingSourceObject: {fileID: 0}
  m_PrefabInstance: {fileID: 0}
  m_PrefabAsset: {fileID: 0}
  m_GameObject: {fileID: 7307101248772584795}
  m_Enabled: 1
  m_CastShadows: 0
  m_ReceiveShadows: 0
  m_DynamicOccludee: 1
  m_MotionVectors: 1
  m_LightProbeUsage: 1
  m_ReflectionProbeUsage: 1
  m_RayTracingMode: 0
  m_RenderingLayerMask: 1
  m_RendererPriority: 0
  m_Materials:
  - {fileID: 10754, guid: 0000000000000000f000000000000000, type: 0}
  m_StaticBatchInfo:
    firstSubMesh: 0
    subMeshCount: 0
  m_StaticBatchRoot: {fileID: 0}
  m_ProbeAnchor: {fileID: 0}
  m_LightProbeVolumeOverride: {fileID: 0}
  m_ScaleInLightmap: 1
  m_ReceiveGI: 1
  m_PreserveUVs: 0
  m_IgnoreNormalsForChartDetection: 0
  m_ImportantGI: 0
  m_StitchLightmapSeams: 1
  m_SelectedEditorRenderState: 0
  m_MinimumChartSize: 4
  m_AutoUVMaxDistance: 0.5
  m_AutoUVMaxAngle: 89
  m_LightmapParameters: {fileID: 0}
  m_SortingLayerID: 0
  m_SortingLayer: 0
  m_SortingOrder: 0
  m_Sprite: {fileID: 21300000, guid: 2248122cf1cd451439aef2779ba5bb5e, type: 3}
  m_Color: {r: 1, g: 1, b: 1, a: 0.23921569}
  m_FlipX: 0
  m_FlipY: 0
  m_DrawMode: 0
  m_Size: {x: 11.26, y: 20}
  m_AdaptiveModeThreshold: 0.5
  m_SpriteTileMode: 0
  m_WasSpriteAssigned: 0
  m_MaskInteraction: 0
  m_SpriteSortPoint: 0
--- !u!1 &7369039189355678581
GameObject:
  m_ObjectHideFlags: 0
  m_CorrespondingSourceObject: {fileID: 0}
  m_PrefabInstance: {fileID: 0}
  m_PrefabAsset: {fileID: 0}
  serializedVersion: 6
  m_Component:
  - component: {fileID: 1472997188892915471}
  m_Layer: 0
  m_Name: MoveLines
  m_TagString: Untagged
  m_Icon: {fileID: 0}
  m_NavMeshLayer: 0
  m_StaticEditorFlags: 0
  m_IsActive: 1
--- !u!4 &1472997188892915471
Transform:
  m_ObjectHideFlags: 0
  m_CorrespondingSourceObject: {fileID: 0}
  m_PrefabInstance: {fileID: 0}
  m_PrefabAsset: {fileID: 0}
  m_GameObject: {fileID: 7369039189355678581}
  m_LocalRotation: {x: 0, y: 0, z: 0, w: 1}
  m_LocalPosition: {x: 0, y: 0, z: 0}
  m_LocalScale: {x: 1, y: 1, z: 1}
  m_Children: []
  m_Father: {fileID: 7307101246850593856}
  m_RootOrder: 4
  m_LocalEulerAnglesHint: {x: 0, y: 0, z: 0}
--- !u!1 &7596414516485041128
GameObject:
  m_ObjectHideFlags: 0
  m_CorrespondingSourceObject: {fileID: 0}
  m_PrefabInstance: {fileID: 0}
  m_PrefabAsset: {fileID: 0}
  serializedVersion: 6
  m_Component:
  - component: {fileID: 2629296404636394774}
  - component: {fileID: 4667785622793958502}
  - component: {fileID: 8825620540602148132}
  - component: {fileID: 3398096120562740058}
  - component: {fileID: 1636376247835944583}
  - component: {fileID: 3372880744490087333}
  - component: {fileID: 5051099993820707715}
  m_Layer: 0
  m_Name: Line 1
  m_TagString: Untagged
  m_Icon: {fileID: 0}
  m_NavMeshLayer: 0
  m_StaticEditorFlags: 0
  m_IsActive: 1
--- !u!4 &2629296404636394774
Transform:
  m_ObjectHideFlags: 0
  m_CorrespondingSourceObject: {fileID: 0}
  m_PrefabInstance: {fileID: 0}
  m_PrefabAsset: {fileID: 0}
  m_GameObject: {fileID: 7596414516485041128}
  m_LocalRotation: {x: 0, y: 0, z: 0, w: 1}
  m_LocalPosition: {x: 0, y: 0.66, z: 0}
  m_LocalScale: {x: 1.3, y: 0.4, z: 1}
  m_Children: []
  m_Father: {fileID: 7307101246763098733}
  m_RootOrder: 0
  m_LocalEulerAnglesHint: {x: 0, y: 0, z: 0}
--- !u!114 &4667785622793958502
MonoBehaviour:
  m_ObjectHideFlags: 0
  m_CorrespondingSourceObject: {fileID: 0}
  m_PrefabInstance: {fileID: 0}
  m_PrefabAsset: {fileID: 0}
  m_GameObject: {fileID: 7596414516485041128}
  m_Enabled: 1
  m_EditorHideFlags: 0
  m_Script: {fileID: 11500000, guid: e70f079e2a6bf364e8185b765fbe61c0, type: 3}
  m_Name: 
  m_EditorClassIdentifier: 
  settings:
    hideHandles: 0
    newPointDistance: 2
    showCurve: 1
    showCurveMode: 1
    showCurveOption: 0
    sections: 20
    showPointMenu: 1
    showTangents: 0
    tangentsSize: 0.7
    tangentsColor: {r: 1, g: 1, b: 1, a: 1}
    tangentsPerSection: 1
    controlType: 1
    vRay: 0
    lineColor: {r: 1, g: 0, b: 0, a: 1}
    restrictGizmoz: 
    showPointControlType: 1
    showPointPosition: 1
    showHandles: 1
    handlesType: 0
    handlesSettings:
      RemoveX: 0
      RemoveY: 0
      RemoveZ: 1
      RemoveXZ: 1
      RemoveXY: 0
      RemoveYZ: 1
      AxisScale: 1
      PlanesScale: 1
      Alpha: 1
    showLabels: 1
    labelColor: {r: 1, g: 1, b: 1, a: 1}
    showPositions: 0
    labelColorSelected: {r: 0, g: 1, b: 0, a: 1}
    showSpheres: 1
    sphereRadius: 0.1
    sphereColor: {r: 1, g: 0, b: 0, a: 1}
    showPointControlPositions: 1
    showControlHandles: 1
    controlHandlesType: 0
    controlHandlesSettings:
      RemoveX: 0
      RemoveY: 0
      RemoveZ: 1
      RemoveXZ: 1
      RemoveXY: 0
      RemoveYZ: 1
      AxisScale: 0.7
      PlanesScale: 0.7
      Alpha: 0.7
    controlHandlesColor: {r: 0, g: 1, b: 1, a: 1}
    showControlLabels: 1
    showControlPositions: 0
    labelControlColor: {r: 1, g: 0.92156863, b: 0.015686275, a: 1}
    showTransformField: 0
    existing: 1
  mode2D: 1
  closed: 1
  points:
  - controlType: 1
    positionLocal: {x: 0, y: 2, z: 0}
    controlFirstLocal: {x: -1, y: 0, z: 0}
    controlSecondLocal: {x: 1, y: -0, z: -0}
    pointTransform: {fileID: 0}
    curve: {fileID: 4667785622793958502}
    fieldsValues: []
  - controlType: 1
    positionLocal: {x: 2, y: 0, z: 0}
    controlFirstLocal: {x: 0, y: 1, z: 0}
    controlSecondLocal: {x: -0, y: -1, z: -0}
    pointTransform: {fileID: 0}
    curve: {fileID: 4667785622793958502}
    fieldsValues: []
  - controlType: 1
    positionLocal: {x: 0, y: -2, z: 0}
    controlFirstLocal: {x: 1, y: 0, z: 0}
    controlSecondLocal: {x: -1, y: -0, z: -0}
    pointTransform: {fileID: 0}
    curve: {fileID: 4667785622793958502}
    fieldsValues: []
  - controlType: 1
    positionLocal: {x: -2, y: 0, z: 0}
    controlFirstLocal: {x: 0, y: -1, z: 0}
    controlSecondLocal: {x: -0, y: 1, z: -0}
    pointTransform: {fileID: 0}
    curve: {fileID: 4667785622793958502}
    fieldsValues: []
  pointsComponents: []
  pointsGameObjects: []
  fields: []
  snapType: 0
  snapAxis: 1
  snapDistance: 10
  snapLayerMask:
    serializedVersion: 2
    m_Bits: 4294967295
  snapTriggerInteraction: 0
  snapToBackFaces: 0
  snapMonitoring: 0
  eventMode: 0
  pointsMode: 0
  forceChangedEventMode: 0
--- !u!120 &8825620540602148132
LineRenderer:
  m_ObjectHideFlags: 0
  m_CorrespondingSourceObject: {fileID: 0}
  m_PrefabInstance: {fileID: 0}
  m_PrefabAsset: {fileID: 0}
  m_GameObject: {fileID: 7596414516485041128}
  m_Enabled: 1
  m_CastShadows: 1
  m_ReceiveShadows: 1
  m_DynamicOccludee: 1
  m_MotionVectors: 0
  m_LightProbeUsage: 0
  m_ReflectionProbeUsage: 0
  m_RayTracingMode: 0
  m_RenderingLayerMask: 1
  m_RendererPriority: 0
  m_Materials:
  - {fileID: 2100000, guid: 6cb3650f50dfad54c8b05afcedfa398d, type: 2}
  m_StaticBatchInfo:
    firstSubMesh: 0
    subMeshCount: 0
  m_StaticBatchRoot: {fileID: 0}
  m_ProbeAnchor: {fileID: 0}
  m_LightProbeVolumeOverride: {fileID: 0}
  m_ScaleInLightmap: 1
  m_ReceiveGI: 1
  m_PreserveUVs: 0
  m_IgnoreNormalsForChartDetection: 0
  m_ImportantGI: 0
  m_StitchLightmapSeams: 1
  m_SelectedEditorRenderState: 3
  m_MinimumChartSize: 4
  m_AutoUVMaxDistance: 0.5
  m_AutoUVMaxAngle: 89
  m_LightmapParameters: {fileID: 0}
  m_SortingLayerID: 0
  m_SortingLayer: 0
  m_SortingOrder: 0
  m_Positions:
  - {x: 0, y: 1.46, z: 0}
  - {x: 0.12995185, y: 1.4586815, z: 0}
  - {x: 0.2596148, y: 1.4547852, z: 0}
  - {x: 0.38869998, y: 1.4484, z: 0}
  - {x: 0.5169185, y: 1.4396149, z: 0}
  - {x: 0.64398146, y: 1.4285185, z: 0}
  - {x: 0.7696, y: 1.4152, z: 0}
  - {x: 0.8934851, y: 1.3997482, z: 0}
  - {x: 1.0153481, y: 1.3822519, z: 0}
  - {x: 1.1349, y: 1.3628, z: 0}
  - {x: 1.2518518, y: 1.3414816, z: 0}
  - {x: 1.3659148, y: 1.3183852, z: 0}
  - {x: 1.4768, y: 1.2936001, z: 0}
  - {x: 1.5842185, y: 1.2672149, z: 0}
  - {x: 1.6878815, y: 1.2393186, z: 0}
  - {x: 1.7874999, y: 1.21, z: 0}
  - {x: 1.8827851, y: 1.1793482, z: 0}
  - {x: 1.973448, y: 1.1474519, z: 0}
  - {x: 2.0591998, y: 1.1144, z: 0}
  - {x: 2.1397517, y: 1.0802815, z: 0}
  - {x: 2.2148147, y: 1.0451852, z: 0}
  - {x: 2.2840998, y: 1.0092001, z: 0}
  - {x: 2.3473184, y: 0.97241485, z: 0}
  - {x: 2.4041815, y: 0.9349186, z: 0}
  - {x: 2.4543998, y: 0.89680004, z: 0}
  - {x: 2.4976852, y: 0.8581482, z: 0}
  - {x: 2.5337481, y: 0.81905186, z: 0}
  - {x: 2.5623, y: 0.7796, z: 0}
  - {x: 2.5830517, y: 0.7398815, z: 0}
  - {x: 2.5957148, y: 0.6999852, z: 0}
  - {x: 2.6, y: 0.66, z: 0}
  - {x: 2.5957148, y: 0.62001485, z: 0}
  - {x: 2.5830517, y: 0.58011854, z: 0}
  - {x: 2.5623, y: 0.5404, z: 0}
  - {x: 2.5337481, y: 0.5009482, z: 0}
  - {x: 2.4976852, y: 0.46185187, z: 0}
  - {x: 2.4543998, y: 0.4232, z: 0}
  - {x: 2.4041815, y: 0.3850815, z: 0}
  - {x: 2.3473184, y: 0.3475852, z: 0}
  - {x: 2.2840998, y: 0.31080002, z: 0}
  - {x: 2.2148147, y: 0.27481484, z: 0}
  - {x: 2.1397517, y: 0.23971854, z: 0}
  - {x: 2.0591998, y: 0.20560002, z: 0}
  - {x: 1.973448, y: 0.17254816, z: 0}
  - {x: 1.8827851, y: 0.14065187, z: 0}
  - {x: 1.7874999, y: 0.11000002, z: 0}
  - {x: 1.6878815, y: 0.080681495, z: 0}
  - {x: 1.5842185, y: 0.052785203, z: 0}
  - {x: 1.4768, y: 0.026400017, z: 0}
  - {x: 1.3659148, y: 0.0016148313, z: 0}
  - {x: 1.2518518, y: -0.021481466, z: 0}
  - {x: 1.1349, y: -0.042799983, z: 0}
  - {x: 1.0153481, y: -0.062251836, z: 0}
  - {x: 0.8934851, y: -0.07974813, z: 0}
  - {x: 0.7696, y: -0.09519999, z: 0}
  - {x: 0.64398146, y: -0.1085185, z: 0}
  - {x: 0.5169185, y: -0.1196148, z: 0}
  - {x: 0.38869998, y: -0.12839998, z: 0}
  - {x: 0.2596148, y: -0.13478518, z: 0}
  - {x: 0.12995185, y: -0.13868147, z: 0}
  - {x: 0, y: -0.13999999, z: 0}
  - {x: -0.12995185, y: -0.13868147, z: 0}
  - {x: -0.2596148, y: -0.13478518, z: 0}
  - {x: -0.38869998, y: -0.12839998, z: 0}
  - {x: -0.5169185, y: -0.1196148, z: 0}
  - {x: -0.64398146, y: -0.1085185, z: 0}
  - {x: -0.7696, y: -0.09519999, z: 0}
  - {x: -0.8934851, y: -0.07974813, z: 0}
  - {x: -1.0153481, y: -0.062251836, z: 0}
  - {x: -1.1349, y: -0.042799983, z: 0}
  - {x: -1.2518518, y: -0.021481466, z: 0}
  - {x: -1.3659148, y: 0.0016148313, z: 0}
  - {x: -1.4768, y: 0.026400017, z: 0}
  - {x: -1.5842185, y: 0.052785203, z: 0}
  - {x: -1.6878815, y: 0.080681495, z: 0}
  - {x: -1.7874999, y: 0.11000002, z: 0}
  - {x: -1.8827851, y: 0.14065187, z: 0}
  - {x: -1.973448, y: 0.17254816, z: 0}
  - {x: -2.0591998, y: 0.20560002, z: 0}
  - {x: -2.1397517, y: 0.23971854, z: 0}
  - {x: -2.2148147, y: 0.27481484, z: 0}
  - {x: -2.2840998, y: 0.31080002, z: 0}
  - {x: -2.3473184, y: 0.3475852, z: 0}
  - {x: -2.4041815, y: 0.3850815, z: 0}
  - {x: -2.4543998, y: 0.4232, z: 0}
  - {x: -2.4976852, y: 0.46185187, z: 0}
  - {x: -2.5337481, y: 0.5009482, z: 0}
  - {x: -2.5623, y: 0.5404, z: 0}
  - {x: -2.5830517, y: 0.58011854, z: 0}
  - {x: -2.5957148, y: 0.62001485, z: 0}
  - {x: -2.6, y: 0.66, z: 0}
  - {x: -2.5957148, y: 0.6999852, z: 0}
  - {x: -2.5830517, y: 0.7398815, z: 0}
  - {x: -2.5623, y: 0.7796, z: 0}
  - {x: -2.5337481, y: 0.81905186, z: 0}
  - {x: -2.4976852, y: 0.8581482, z: 0}
  - {x: -2.4543998, y: 0.89680004, z: 0}
  - {x: -2.4041815, y: 0.9349186, z: 0}
  - {x: -2.3473184, y: 0.97241485, z: 0}
  - {x: -2.2840998, y: 1.0092001, z: 0}
  - {x: -2.2148147, y: 1.0451852, z: 0}
  - {x: -2.1397517, y: 1.0802815, z: 0}
  - {x: -2.0591998, y: 1.1144, z: 0}
  - {x: -1.973448, y: 1.1474519, z: 0}
  - {x: -1.8827851, y: 1.1793482, z: 0}
  - {x: -1.7874999, y: 1.21, z: 0}
  - {x: -1.6878815, y: 1.2393186, z: 0}
  - {x: -1.5842185, y: 1.2672149, z: 0}
  - {x: -1.4768, y: 1.2936001, z: 0}
  - {x: -1.3659148, y: 1.3183852, z: 0}
  - {x: -1.2518518, y: 1.3414816, z: 0}
  - {x: -1.1349, y: 1.3628, z: 0}
  - {x: -1.0153481, y: 1.3822519, z: 0}
  - {x: -0.8934851, y: 1.3997482, z: 0}
  - {x: -0.7696, y: 1.4152, z: 0}
  - {x: -0.64398146, y: 1.4285185, z: 0}
  - {x: -0.5169185, y: 1.4396149, z: 0}
  - {x: -0.38869998, y: 1.4484, z: 0}
  - {x: -0.2596148, y: 1.4547852, z: 0}
  - {x: -0.12995185, y: 1.4586815, z: 0}
  - {x: 0, y: 1.46, z: 0}
  m_Parameters:
    serializedVersion: 3
    widthMultiplier: 1
    widthCurve:
      serializedVersion: 2
      m_Curve:
      - serializedVersion: 3
        time: 0
        value: 0.05
        inSlope: 0
        outSlope: 0
        tangentMode: 0
        weightedMode: 0
        inWeight: 0.33333334
        outWeight: 0.33333334
      m_PreInfinity: 2
      m_PostInfinity: 2
      m_RotationOrder: 4
    colorGradient:
      serializedVersion: 2
      key0: {r: 1, g: 1, b: 1, a: 1}
      key1: {r: 1, g: 1, b: 1, a: 1}
      key2: {r: 0, g: 0, b: 0, a: 0}
      key3: {r: 0, g: 0, b: 0, a: 0}
      key4: {r: 0, g: 0, b: 0, a: 0}
      key5: {r: 0, g: 0, b: 0, a: 0}
      key6: {r: 0, g: 0, b: 0, a: 0}
      key7: {r: 0, g: 0, b: 0, a: 0}
      ctime0: 0
      ctime1: 65535
      ctime2: 0
      ctime3: 0
      ctime4: 0
      ctime5: 0
      ctime6: 0
      ctime7: 0
      atime0: 0
      atime1: 65535
      atime2: 0
      atime3: 0
      atime4: 0
      atime5: 0
      atime6: 0
      atime7: 0
      m_Mode: 0
      m_NumColorKeys: 2
      m_NumAlphaKeys: 2
    numCornerVertices: 0
    numCapVertices: 0
    alignment: 0
    textureMode: 0
    shadowBias: 0.5
    generateLightingData: 0
  m_UseWorldSpace: 1
  m_Loop: 0
--- !u!114 &3398096120562740058
MonoBehaviour:
  m_ObjectHideFlags: 0
  m_CorrespondingSourceObject: {fileID: 0}
  m_PrefabInstance: {fileID: 0}
  m_PrefabAsset: {fileID: 0}
  m_GameObject: {fileID: 7596414516485041128}
  m_Enabled: 1
  m_EditorHideFlags: 0
  m_Script: {fileID: 11500000, guid: b6d20671ad38ded4fa2362df353b9a31, type: 3}
  m_Name: 
  m_EditorClassIdentifier: 
  showHandles: 1
  hidden: 0
  parent: {fileID: 0}
  ccName: 
  fields: 1
  mathType: 0
  sectionParts: 30
  optimizeStraightLines: 0
  tolerance: 0.2
  usePositionToCalculateTangents: 0
  updateMode: 0
  rendererForUpdateCheck: {fileID: 0}
  mathChangedEvent:
    m_PersistentCalls:
      m_Calls: []
  spheresScale: 1
  spheresColor: {r: 1, g: 1, b: 1, a: 1}
  spheresCount: 100
--- !u!114 &1636376247835944583
MonoBehaviour:
  m_ObjectHideFlags: 0
  m_CorrespondingSourceObject: {fileID: 0}
  m_PrefabInstance: {fileID: 0}
  m_PrefabAsset: {fileID: 0}
  m_GameObject: {fileID: 7596414516485041128}
  m_Enabled: 1
  m_EditorHideFlags: 0
  m_Script: {fileID: 11500000, guid: 8a69af748a081a14dbc7aa333bece5af, type: 3}
  m_Name: 
  m_EditorClassIdentifier: 
  showHandles: 1
  hidden: 0
  parent: {fileID: 3398096120562740058}
  ccName: 
  splitMode: 0
  partsTotal: 30
  partsPerSection: 30
  doNotOptimizeStraightLines: 0
  useLocal: 0
  spheresScale: 1
  spheresColor: {r: 1, g: 1, b: 1, a: 1}
  spheresCount: 100
  updateAtStart: 0
--- !u!114 &3372880744490087333
MonoBehaviour:
  m_ObjectHideFlags: 0
  m_CorrespondingSourceObject: {fileID: 0}
  m_PrefabInstance: {fileID: 0}
  m_PrefabAsset: {fileID: 0}
  m_GameObject: {fileID: 7596414516485041128}
  m_Enabled: 1
  m_EditorHideFlags: 0
  m_Script: {fileID: 11500000, guid: 924df4c68ad59e943b47b75f2323f73a, type: 3}
  m_Name: 
  m_EditorClassIdentifier: 
  showHandles: 1
  hidden: 0
  parent: {fileID: 3398096120562740058}
  ccName: 
  distance: 0
  handlesScale: 1
  handlesColor: {r: 1, g: 1, b: 1, a: 1}
--- !u!114 &5051099993820707715
MonoBehaviour:
  m_ObjectHideFlags: 0
  m_CorrespondingSourceObject: {fileID: 0}
  m_PrefabInstance: {fileID: 0}
  m_PrefabAsset: {fileID: 0}
  m_GameObject: {fileID: 7596414516485041128}
  m_Enabled: 1
  m_EditorHideFlags: 0
  m_Script: {fileID: 11500000, guid: 9d916ef28168e544d9dc5bb790f67ba0, type: 3}
  m_Name: 
  m_EditorClassIdentifier: 
  showHandles: 1
  hidden: 0
  parent: {fileID: 3372880744490087333}
  ccName: 
  objectToManipulate: {fileID: 7307101247772640719}
