%YAML 1.1
%TAG !u! tag:unity3d.com,2011:
--- !u!1 &1878167716171583256
GameObject:
  m_ObjectHideFlags: 0
  m_CorrespondingSourceObject: {fileID: 0}
  m_PrefabInstance: {fileID: 0}
  m_PrefabAsset: {fileID: 0}
  serializedVersion: 6
  m_Component:
  - component: {fileID: 8786076898845056421}
  - component: {fileID: 1323573997199581589}
  - component: {fileID: 4265393340131462034}
  - component: {fileID: 3591686876250040648}
  - component: {fileID: 365498686900784885}
  - component: {fileID: 8565463089232744054}
  - component: {fileID: 6011038132511962027}
  - component: {fileID: 3024323707507767874}
  m_Layer: 0
  m_Name: curve (1)
  m_TagString: Untagged
  m_Icon: {fileID: 0}
  m_NavMeshLayer: 0
  m_StaticEditorFlags: 0
  m_IsActive: 1
--- !u!4 &8786076898845056421
Transform:
  m_ObjectHideFlags: 0
  m_CorrespondingSourceObject: {fileID: 0}
  m_PrefabInstance: {fileID: 0}
  m_PrefabAsset: {fileID: 0}
  m_GameObject: {fileID: 1878167716171583256}
  m_LocalRotation: {x: 0, y: 0, z: 1, w: -0.00000004371139}
  m_LocalPosition: {x: -0.001, y: 0.62, z: 0}
  m_LocalScale: {x: 0.7966669, y: 0.7966669, z: 0.7966669}
  m_Children: []
  m_Father: {fileID: 5205084964104890553}
  m_RootOrder: 1
  m_LocalEulerAnglesHint: {x: 0, y: 0, z: 0}
--- !u!114 &1323573997199581589
MonoBehaviour:
  m_ObjectHideFlags: 0
  m_CorrespondingSourceObject: {fileID: 0}
  m_PrefabInstance: {fileID: 0}
  m_PrefabAsset: {fileID: 0}
  m_GameObject: {fileID: 1878167716171583256}
  m_Enabled: 1
  m_EditorHideFlags: 0
  m_Script: {fileID: 11500000, guid: e70f079e2a6bf364e8185b765fbe61c0, type: 3}
  m_Name: 
  m_EditorClassIdentifier: 
  settings:
    hideHandles: 0
    newPointDistance: 2
    showCurve: 1
    showCurveMode: 1
    showCurveOption: 0
    sections: 20
    showPointMenu: 1
    showTangents: 0
    tangentsSize: 0.7
    tangentsColor: {r: 1, g: 1, b: 1, a: 1}
    tangentsPerSection: 1
    controlType: 1
    vRay: 0
    lineColor: {r: 1, g: 0, b: 0, a: 1}
    restrictGizmoz: 
    showPointControlType: 1
    showPointPosition: 1
    showHandles: 1
    handlesType: 0
    handlesSettings:
      RemoveX: 0
      RemoveY: 0
      RemoveZ: 1
      RemoveXZ: 1
      RemoveXY: 0
      RemoveYZ: 1
      AxisScale: 1
      PlanesScale: 1
      Alpha: 1
    showLabels: 1
    labelColor: {r: 1, g: 1, b: 1, a: 1}
    showPositions: 0
    labelColorSelected: {r: 0, g: 1, b: 0, a: 1}
    showSpheres: 1
    sphereRadius: 0.1
    sphereColor: {r: 1, g: 0, b: 0, a: 1}
    showPointControlPositions: 1
    showControlHandles: 1
    controlHandlesType: 0
    controlHandlesSettings:
      RemoveX: 0
      RemoveY: 0
      RemoveZ: 1
      RemoveXZ: 1
      RemoveXY: 0
      RemoveYZ: 1
      AxisScale: 0.7
      PlanesScale: 0.7
      Alpha: 0.7
    controlHandlesColor: {r: 0, g: 1, b: 1, a: 1}
    showControlLabels: 1
    showControlPositions: 0
    labelControlColor: {r: 1, g: 0.92156863, b: 0.015686275, a: 1}
    showTransformField: 0
    existing: 1
  mode2D: 1
  closed: 0
  points:
  - controlType: 1
    positionLocal: {x: -0.9761318, y: 4.019804, z: 0}
    controlFirstLocal: {x: 0.053432643, y: 0.5092311, z: 0}
    controlSecondLocal: {x: -0.053432643, y: -0.5092311, z: -0}
    pointTransform: {fileID: 0}
    curve: {fileID: 1323573997199581589}
    fieldsValues: []
  - controlType: 1
    positionLocal: {x: -0.07868991, y: 2.0102139, z: 0}
    controlFirstLocal: {x: -0.78479135, y: 0.76549363, z: -0}
    controlSecondLocal: {x: 0.78479135, y: -0.76549363, z: 0}
    pointTransform: {fileID: 0}
    curve: {fileID: 1323573997199581589}
    fieldsValues: []
  - controlType: 1
    positionLocal: {x: 1.1881725, y: 0, z: 0}
    controlFirstLocal: {x: -0.0068899393, y: 0.82287264, z: 0}
    controlSecondLocal: {x: 0.0068899393, y: -0.82287264, z: -0}
    pointTransform: {fileID: 0}
    curve: {fileID: 1323573997199581589}
    fieldsValues: []
  - controlType: 1
    positionLocal: {x: 0.09231123, y: -1.8048555, z: 0}
    controlFirstLocal: {x: 0.77743125, y: 0.8162675, z: 0}
    controlSecondLocal: {x: -0.77743125, y: -0.8162675, z: -0}
    pointTransform: {fileID: 0}
    curve: {fileID: 1323573997199581589}
    fieldsValues: []
  - controlType: 1
    positionLocal: {x: -0.9170395, y: -4.0198035, z: 0}
    controlFirstLocal: {x: -0.06190282, y: 0.88085175, z: -0}
    controlSecondLocal: {x: 0.06190282, y: -0.88085175, z: 0}
    pointTransform: {fileID: 0}
    curve: {fileID: 1323573997199581589}
    fieldsValues: []
  pointsComponents: []
  pointsGameObjects: []
  fields: []
  snapType: 0
  snapAxis: 1
  snapDistance: 10
  snapLayerMask:
    serializedVersion: 2
    m_Bits: 4294967295
  snapTriggerInteraction: 0
  snapToBackFaces: 0
  snapMonitoring: 0
  eventMode: 0
  pointsMode: 0
  forceChangedEventMode: 0
--- !u!114 &4265393340131462034
MonoBehaviour:
  m_ObjectHideFlags: 0
  m_CorrespondingSourceObject: {fileID: 0}
  m_PrefabInstance: {fileID: 0}
  m_PrefabAsset: {fileID: 0}
  m_GameObject: {fileID: 1878167716171583256}
  m_Enabled: 1
  m_EditorHideFlags: 0
  m_Script: {fileID: 11500000, guid: b6d20671ad38ded4fa2362df353b9a31, type: 3}
  m_Name: 
  m_EditorClassIdentifier: 
  showHandles: 1
  hidden: 0
  parent: {fileID: 0}
  ccName: 
  fields: 1
  mathType: 0
  sectionParts: 30
  optimizeStraightLines: 0
  tolerance: 0.2
  usePositionToCalculateTangents: 0
  updateMode: 0
  rendererForUpdateCheck: {fileID: 0}
  mathChangedEvent:
    m_PersistentCalls:
      m_Calls: []
  spheresScale: 1
  spheresColor: {r: 1, g: 1, b: 1, a: 1}
  spheresCount: 100
--- !u!114 &3591686876250040648
MonoBehaviour:
  m_ObjectHideFlags: 0
  m_CorrespondingSourceObject: {fileID: 0}
  m_PrefabInstance: {fileID: 0}
  m_PrefabAsset: {fileID: 0}
  m_GameObject: {fileID: 1878167716171583256}
  m_Enabled: 1
  m_EditorHideFlags: 0
  m_Script: {fileID: 11500000, guid: 924df4c68ad59e943b47b75f2323f73a, type: 3}
  m_Name: 
  m_EditorClassIdentifier: 
  showHandles: 1
  hidden: 0
  parent: {fileID: 4265393340131462034}
  ccName: 
  distance: 0
  handlesScale: 1
  handlesColor: {r: 1, g: 1, b: 1, a: 1}
--- !u!114 &365498686900784885
MonoBehaviour:
  m_ObjectHideFlags: 0
  m_CorrespondingSourceObject: {fileID: 0}
  m_PrefabInstance: {fileID: 0}
  m_PrefabAsset: {fileID: 0}
  m_GameObject: {fileID: 1878167716171583256}
  m_Enabled: 1
  m_EditorHideFlags: 0
  m_Script: {fileID: 11500000, guid: 9d916ef28168e544d9dc5bb790f67ba0, type: 3}
  m_Name: 
  m_EditorClassIdentifier: 
  showHandles: 1
  hidden: 0
  parent: {fileID: 3591686876250040648}
  ccName: 
  objectToManipulate: {fileID: 3132001944495718466}
--- !u!120 &8565463089232744054
LineRenderer:
  m_ObjectHideFlags: 0
  m_CorrespondingSourceObject: {fileID: 0}
  m_PrefabInstance: {fileID: 0}
  m_PrefabAsset: {fileID: 0}
  m_GameObject: {fileID: 1878167716171583256}
  m_Enabled: 1
  m_CastShadows: 1
  m_ReceiveShadows: 1
  m_DynamicOccludee: 1
  m_MotionVectors: 0
  m_LightProbeUsage: 0
  m_ReflectionProbeUsage: 0
  m_RayTracingMode: 0
  m_RenderingLayerMask: 1
  m_RendererPriority: 0
  m_Materials:
  - {fileID: 2100000, guid: 6cb3650f50dfad54c8b05afcedfa398d, type: 2}
  m_StaticBatchInfo:
    firstSubMesh: 0
    subMeshCount: 0
  m_StaticBatchRoot: {fileID: 0}
  m_ProbeAnchor: {fileID: 0}
  m_LightProbeVolumeOverride: {fileID: 0}
  m_ScaleInLightmap: 1
  m_ReceiveGI: 1
  m_PreserveUVs: 0
  m_IgnoreNormalsForChartDetection: 0
  m_ImportantGI: 0
  m_StitchLightmapSeams: 1
  m_SelectedEditorRenderState: 3
  m_MinimumChartSize: 4
  m_AutoUVMaxDistance: 0.5
  m_AutoUVMaxAngle: 89
  m_LightmapParameters: {fileID: 0}
  m_SortingLayerID: 0
  m_SortingLayer: 0
  m_SortingOrder: 0
  m_Positions:
  - {x: 0.7766522, y: -2.5824447, z: 0}
  - {x: 0.78031427, y: -2.5412824, z: 0}
  - {x: 0.7827398, y: -2.4989564, z: 0}
  - {x: 0.7838581, y: -2.455501, z: 0}
  - {x: 0.78359854, y: -2.4109511, z: 0}
  - {x: 0.78189045, y: -2.3653407, z: 0}
  - {x: 0.7786631, y: -2.3187044, z: 0}
  - {x: 0.7738458, y: -2.2710772, z: 0}
  - {x: 0.76736796, y: -2.222493, z: 0}
  - {x: 0.75915885, y: -2.1729867, z: 0}
  - {x: 0.74914783, y: -2.1225927, z: 0}
  - {x: 0.7372643, y: -2.0713456, z: 0}
  - {x: 0.72343737, y: -2.01928, z: 0}
  - {x: 0.7075966, y: -1.9664301, z: 0}
  - {x: 0.68967116, y: -1.9128307, z: 0}
  - {x: 0.6695905, y: -1.8585163, z: 0}
  - {x: 0.64728385, y: -1.8035214, z: 0}
  - {x: 0.6226806, y: -1.7478805, z: 0}
  - {x: 0.59571004, y: -1.6916281, z: 0}
  - {x: 0.5663015, y: -1.6347988, z: 0}
  - {x: 0.53438437, y: -1.577427, z: 0}
  - {x: 0.49988788, y: -1.5195473, z: 0}
  - {x: 0.46274143, y: -1.4611943, z: 0}
  - {x: 0.4228743, y: -1.4024023, z: 0}
  - {x: 0.38021588, y: -1.343206, z: 0}
  - {x: 0.33469546, y: -1.28364, z: 0}
  - {x: 0.28624234, y: -1.2237387, z: 0}
  - {x: 0.2347859, y: -1.1635365, z: 0}
  - {x: 0.18025544, y: -1.1030681, z: 0}
  - {x: 0.12258029, y: -1.042368, z: 0}
  - {x: 0.06168979, y: -0.9814708, z: 0}
  - {x: -0.000005077387, y: -0.92137706, z: 0}
  - {x: -0.060027476, y: -0.8629767, z: 0}
  - {x: -0.118349314, y: -0.8061377, z: 0}
  - {x: -0.17494251, y: -0.75072837, z: 0}
  - {x: -0.22977895, y: -0.6966169, z: 0}
  - {x: -0.28283057, y: -0.64367133, z: 0}
  - {x: -0.33406922, y: -0.5917599, z: 0}
  - {x: -0.38346687, y: -0.5407508, z: 0}
  - {x: -0.43099543, y: -0.4905122, z: 0}
  - {x: -0.47662675, y: -0.4409122, z: 0}
  - {x: -0.5203328, y: -0.39181897, z: 0}
  - {x: -0.56208545, y: -0.34310073, z: 0}
  - {x: -0.6018566, y: -0.29462564, z: 0}
  - {x: -0.63961816, y: -0.24626182, z: 0}
  - {x: -0.6753421, y: -0.19787745, z: 0}
  - {x: -0.70900023, y: -0.14934073, z: 0}
  - {x: -0.7405645, y: -0.1005198, z: 0}
  - {x: -0.7700069, y: -0.05128282, z: 0}
  - {x: -0.7972992, y: -0.0014979637, z: 0}
  - {x: -0.8224134, y: 0.0489666, z: 0}
  - {x: -0.8453213, y: 0.10024271, z: 0}
  - {x: -0.865995, y: 0.1524622, z: 0}
  - {x: -0.8844062, y: 0.20575692, z: 0}
  - {x: -0.90052694, y: 0.26025867, z: 0}
  - {x: -0.91432905, y: 0.31609932, z: 0}
  - {x: -0.9257845, y: 0.37341067, z: 0}
  - {x: -0.93486524, y: 0.43232456, z: 0}
  - {x: -0.94154304, y: 0.49297285, z: 0}
  - {x: -0.9457899, y: 0.5554874, z: 0}
  - {x: -0.94757766, y: 0.61999995, z: 0}
  - {x: -0.9472408, y: 0.683849, z: 0}
  - {x: -0.94511837, y: 0.74443924, z: 0}
  - {x: -0.94118905, y: 0.8020023, z: 0}
  - {x: -0.9354316, y: 0.8567697, z: 0}
  - {x: -0.9278249, y: 0.9089729, z: 0}
  - {x: -0.91834766, y: 0.9588434, z: 0}
  - {x: -0.9069786, y: 1.0066128, z: 0}
  - {x: -0.8936966, y: 1.0525125, z: 0}
  - {x: -0.8784804, y: 1.0967741, z: 0}
  - {x: -0.8613087, y: 1.139629, z: 0}
  - {x: -0.8421603, y: 1.181309, z: 0}
  - {x: -0.82101405, y: 1.2220452, z: 0}
  - {x: -0.79784864, y: 1.2620693, z: 0}
  - {x: -0.7726429, y: 1.301613, z: 0}
  - {x: -0.7453756, y: 1.3409076, z: 0}
  - {x: -0.7160255, y: 1.3801847, z: 0}
  - {x: -0.68457127, y: 1.4196756, z: 0}
  - {x: -0.65099186, y: 1.4596121, z: 0}
  - {x: -0.6152659, y: 1.5002255, z: 0}
  - {x: -0.57737225, y: 1.5417476, z: 0}
  - {x: -0.5372897, y: 1.5844096, z: 0}
  - {x: -0.49499694, y: 1.6284431, z: 0}
  - {x: -0.45047277, y: 1.6740798, z: 0}
  - {x: -0.40369597, y: 1.721551, z: 0}
  - {x: -0.35464534, y: 1.7710881, z: 0}
  - {x: -0.30329964, y: 1.822923, z: 0}
  - {x: -0.2496376, y: 1.8772869, z: 0}
  - {x: -0.19363806, y: 1.9344115, z: 0}
  - {x: -0.13527974, y: 1.9945282, z: 0}
  - {x: -0.074541435, y: 2.0578685, z: 0}
  - {x: -0.013886542, y: 2.122125, z: 0}
  - {x: 0.04422249, y: 2.1849132, z: 0}
  - {x: 0.0998083, y: 2.2463508, z: 0}
  - {x: 0.15289353, y: 2.3065546, z: 0}
  - {x: 0.20350082, y: 2.3656418, z: 0}
  - {x: 0.2516528, y: 2.4237294, z: 0}
  - {x: 0.29737213, y: 2.4809346, z: 0}
  - {x: 0.34068143, y: 2.5373747, z: 0}
  - {x: 0.38160336, y: 2.5931664, z: 0}
  - {x: 0.42016056, y: 2.648427, z: 0}
  - {x: 0.45637563, y: 2.7032735, z: 0}
  - {x: 0.49027127, y: 2.7578232, z: 0}
  - {x: 0.5218701, y: 2.8121932, z: 0}
  - {x: 0.55119467, y: 2.8665004, z: 0}
  - {x: 0.5782678, y: 2.920862, z: 0}
  - {x: 0.603112, y: 2.975395, z: 0}
  - {x: 0.6257499, y: 3.0302167, z: 0}
  - {x: 0.64620423, y: 3.0854442, z: 0}
  - {x: 0.66449755, y: 3.1411943, z: 0}
  - {x: 0.68065256, y: 3.1975846, z: 0}
  - {x: 0.69469184, y: 3.2547317, z: 0}
  - {x: 0.7066381, y: 3.312753, z: 0}
  - {x: 0.71651393, y: 3.3717656, z: 0}
  - {x: 0.7243419, y: 3.4318864, z: 0}
  - {x: 0.73014486, y: 3.4932327, z: 0}
  - {x: 0.73394525, y: 3.5559216, z: 0}
  - {x: 0.7357658, y: 3.62007, z: 0}
  - {x: 0.73562914, y: 3.6857953, z: 0}
  - {x: 0.73355794, y: 3.7532144, z: 0}
  - {x: 0.72957474, y: 3.8224444, z: 0}
  m_Parameters:
    serializedVersion: 3
    widthMultiplier: 1
    widthCurve:
      serializedVersion: 2
      m_Curve:
      - serializedVersion: 3
        time: 0
        value: 0.05
        inSlope: 0
        outSlope: 0
        tangentMode: 0
        weightedMode: 0
        inWeight: 0.33333334
        outWeight: 0.33333334
      m_PreInfinity: 2
      m_PostInfinity: 2
      m_RotationOrder: 4
    colorGradient:
      serializedVersion: 2
      key0: {r: 1, g: 1, b: 1, a: 1}
      key1: {r: 1, g: 1, b: 1, a: 1}
      key2: {r: 0, g: 0, b: 0, a: 0}
      key3: {r: 0, g: 0, b: 0, a: 0}
      key4: {r: 0, g: 0, b: 0, a: 0}
      key5: {r: 0, g: 0, b: 0, a: 0}
      key6: {r: 0, g: 0, b: 0, a: 0}
      key7: {r: 0, g: 0, b: 0, a: 0}
      ctime0: 0
      ctime1: 65535
      ctime2: 0
      ctime3: 0
      ctime4: 0
      ctime5: 0
      ctime6: 0
      ctime7: 0
      atime0: 0
      atime1: 65535
      atime2: 0
      atime3: 0
      atime4: 0
      atime5: 0
      atime6: 0
      atime7: 0
      m_Mode: 0
      m_NumColorKeys: 2
      m_NumAlphaKeys: 2
    numCornerVertices: 0
    numCapVertices: 0
    alignment: 0
    textureMode: 0
    shadowBias: 0.5
    generateLightingData: 0
  m_UseWorldSpace: 1
  m_Loop: 0
--- !u!114 &6011038132511962027
MonoBehaviour:
  m_ObjectHideFlags: 0
  m_CorrespondingSourceObject: {fileID: 0}
  m_PrefabInstance: {fileID: 0}
  m_PrefabAsset: {fileID: 0}
  m_GameObject: {fileID: 1878167716171583256}
  m_Enabled: 1
  m_EditorHideFlags: 0
  m_Script: {fileID: 11500000, guid: 8a69af748a081a14dbc7aa333bece5af, type: 3}
  m_Name: 
  m_EditorClassIdentifier: 
  showHandles: 1
  hidden: 0
  parent: {fileID: 4265393340131462034}
  ccName: 
  splitMode: 0
  partsTotal: 30
  partsPerSection: 30
  doNotOptimizeStraightLines: 0
  useLocal: 0
  spheresScale: 1
  spheresColor: {r: 1, g: 1, b: 1, a: 1}
  spheresCount: 100
  updateAtStart: 0
--- !u!114 &3024323707507767874
MonoBehaviour:
  m_ObjectHideFlags: 0
  m_CorrespondingSourceObject: {fileID: 0}
  m_PrefabInstance: {fileID: 0}
  m_PrefabAsset: {fileID: 0}
  m_GameObject: {fileID: 1878167716171583256}
  m_Enabled: 1
  m_EditorHideFlags: 0
  m_Script: {fileID: 11500000, guid: a66383f42ae09a644a380c2acc4f77e5, type: 3}
  m_Name: 
  m_EditorClassIdentifier: 
  lineType: 5
--- !u!1 &5025238998322708561
GameObject:
  m_ObjectHideFlags: 0
  m_CorrespondingSourceObject: {fileID: 0}
  m_PrefabInstance: {fileID: 0}
  m_PrefabAsset: {fileID: 0}
  serializedVersion: 6
  m_Component:
  - component: {fileID: 3132001944495718466}
  - component: {fileID: 391959955667908855}
  m_Layer: 0
  m_Name: p1 (1)
  m_TagString: Untagged
  m_Icon: {fileID: 0}
  m_NavMeshLayer: 0
  m_StaticEditorFlags: 0
  m_IsActive: 1
--- !u!4 &3132001944495718466
Transform:
  m_ObjectHideFlags: 0
  m_CorrespondingSourceObject: {fileID: 0}
  m_PrefabInstance: {fileID: 0}
  m_PrefabAsset: {fileID: 0}
  m_GameObject: {fileID: 5025238998322708561}
  m_LocalRotation: {x: -0, y: -0, z: 0.75109655, w: -0.66019243}
  m_LocalPosition: {x: 0.7766522, y: -2.5824447, z: 9}
  m_LocalScale: {x: 0.7, y: 0.7, z: 1}
  m_Children: []
  m_Father: {fileID: 5205084962777281923}
  m_RootOrder: 1
  m_LocalEulerAnglesHint: {x: 0, y: 0, z: 262.629}
--- !u!212 &391959955667908855
SpriteRenderer:
  m_ObjectHideFlags: 0
  m_CorrespondingSourceObject: {fileID: 0}
  m_PrefabInstance: {fileID: 0}
  m_PrefabAsset: {fileID: 0}
  m_GameObject: {fileID: 5025238998322708561}
  m_Enabled: 1
  m_CastShadows: 0
  m_ReceiveShadows: 0
  m_DynamicOccludee: 1
  m_MotionVectors: 1
  m_LightProbeUsage: 1
  m_ReflectionProbeUsage: 1
  m_RayTracingMode: 0
  m_RenderingLayerMask: 1
  m_RendererPriority: 0
  m_Materials:
  - {fileID: 10754, guid: 0000000000000000f000000000000000, type: 0}
  m_StaticBatchInfo:
    firstSubMesh: 0
    subMeshCount: 0
  m_StaticBatchRoot: {fileID: 0}
  m_ProbeAnchor: {fileID: 0}
  m_LightProbeVolumeOverride: {fileID: 0}
  m_ScaleInLightmap: 1
  m_ReceiveGI: 1
  m_PreserveUVs: 0
  m_IgnoreNormalsForChartDetection: 0
  m_ImportantGI: 0
  m_StitchLightmapSeams: 1
  m_SelectedEditorRenderState: 0
  m_MinimumChartSize: 4
  m_AutoUVMaxDistance: 0.5
  m_AutoUVMaxAngle: 89
  m_LightmapParameters: {fileID: 0}
  m_SortingLayerID: 0
  m_SortingLayer: 0
  m_SortingOrder: 0
  m_Sprite: {fileID: 21300000, guid: 5b137d068d8b3884ebab022523259502, type: 3}
  m_Color: {r: 1, g: 1, b: 1, a: 1}
  m_FlipX: 0
  m_FlipY: 0
  m_DrawMode: 0
  m_Size: {x: 0.78, y: 0.78}
  m_AdaptiveModeThreshold: 0.5
  m_SpriteTileMode: 0
  m_WasSpriteAssigned: 1
  m_MaskInteraction: 0
  m_SpriteSortPoint: 0
--- !u!1 &5205084962356019087
GameObject:
  m_ObjectHideFlags: 0
  m_CorrespondingSourceObject: {fileID: 0}
  m_PrefabInstance: {fileID: 0}
  m_PrefabAsset: {fileID: 0}
  serializedVersion: 6
  m_Component:
  - component: {fileID: 5205084962356019084}
  - component: {fileID: 5205084962356019085}
  m_Layer: 0
  m_Name: 'Demo '
  m_TagString: Untagged
  m_Icon: {fileID: 0}
  m_NavMeshLayer: 0
  m_StaticEditorFlags: 0
  m_IsActive: 0
--- !u!4 &5205084962356019084
Transform:
  m_ObjectHideFlags: 0
  m_CorrespondingSourceObject: {fileID: 0}
  m_PrefabInstance: {fileID: 0}
  m_PrefabAsset: {fileID: 0}
  m_GameObject: {fileID: 5205084962356019087}
  m_LocalRotation: {x: -0, y: -0, z: -0, w: 1}
  m_LocalPosition: {x: 0, y: 0, z: 0}
  m_LocalScale: {x: 1, y: 1, z: 1}
  m_Children: []
  m_Father: {fileID: 5205084964190027412}
  m_RootOrder: 0
  m_LocalEulerAnglesHint: {x: 0, y: 0, z: 0}
--- !u!212 &5205084962356019085
SpriteRenderer:
  m_ObjectHideFlags: 0
  m_CorrespondingSourceObject: {fileID: 0}
  m_PrefabInstance: {fileID: 0}
  m_PrefabAsset: {fileID: 0}
  m_GameObject: {fileID: 5205084962356019087}
  m_Enabled: 1
  m_CastShadows: 0
  m_ReceiveShadows: 0
  m_DynamicOccludee: 1
  m_MotionVectors: 1
  m_LightProbeUsage: 1
  m_ReflectionProbeUsage: 1
  m_RayTracingMode: 0
  m_RenderingLayerMask: 1
  m_RendererPriority: 0
  m_Materials:
  - {fileID: 10754, guid: 0000000000000000f000000000000000, type: 0}
  m_StaticBatchInfo:
    firstSubMesh: 0
    subMeshCount: 0
  m_StaticBatchRoot: {fileID: 0}
  m_ProbeAnchor: {fileID: 0}
  m_LightProbeVolumeOverride: {fileID: 0}
  m_ScaleInLightmap: 1
  m_ReceiveGI: 1
  m_PreserveUVs: 0
  m_IgnoreNormalsForChartDetection: 0
  m_ImportantGI: 0
  m_StitchLightmapSeams: 1
  m_SelectedEditorRenderState: 0
  m_MinimumChartSize: 4
  m_AutoUVMaxDistance: 0.5
  m_AutoUVMaxAngle: 89
  m_LightmapParameters: {fileID: 0}
  m_SortingLayerID: 0
  m_SortingLayer: 0
  m_SortingOrder: 0
  m_Sprite: {fileID: 21300000, guid: cb256f4b22df2c944895e698fb847bdb, type: 3}
  m_Color: {r: 1, g: 1, b: 1, a: 0.23921569}
  m_FlipX: 0
  m_FlipY: 0
  m_DrawMode: 0
  m_Size: {x: 2.8, y: 4.97}
  m_AdaptiveModeThreshold: 0.5
  m_SpriteTileMode: 0
  m_WasSpriteAssigned: 0
  m_MaskInteraction: 0
  m_SpriteSortPoint: 0
--- !u!1 &5205084962777281922
GameObject:
  m_ObjectHideFlags: 0
  m_CorrespondingSourceObject: {fileID: 0}
  m_PrefabInstance: {fileID: 0}
  m_PrefabAsset: {fileID: 0}
  serializedVersion: 6
  m_Component:
  - component: {fileID: 5205084962777281923}
  m_Layer: 0
  m_Name: Points
  m_TagString: Untagged
  m_Icon: {fileID: 0}
  m_NavMeshLayer: 0
  m_StaticEditorFlags: 0
  m_IsActive: 1
--- !u!4 &5205084962777281923
Transform:
  m_ObjectHideFlags: 0
  m_CorrespondingSourceObject: {fileID: 0}
  m_PrefabInstance: {fileID: 0}
  m_PrefabAsset: {fileID: 0}
  m_GameObject: {fileID: 5205084962777281922}
  m_LocalRotation: {x: 0, y: 0, z: 0, w: 1}
  m_LocalPosition: {x: 0, y: 0, z: -9}
  m_LocalScale: {x: 1, y: 1, z: 1}
  m_Children:
  - {fileID: 5205084962966949659}
  - {fileID: 3132001944495718466}
  m_Father: {fileID: 5205084964190027412}
  m_RootOrder: 2
  m_LocalEulerAnglesHint: {x: 0, y: 0, z: 0}
--- !u!1 &5205084962966949658
GameObject:
  m_ObjectHideFlags: 0
  m_CorrespondingSourceObject: {fileID: 0}
  m_PrefabInstance: {fileID: 0}
  m_PrefabAsset: {fileID: 0}
  serializedVersion: 6
  m_Component:
  - component: {fileID: 5205084962966949659}
  - component: {fileID: 5205084962966949656}
  m_Layer: 0
  m_Name: p1
  m_TagString: Untagged
  m_Icon: {fileID: 0}
  m_NavMeshLayer: 0
  m_StaticEditorFlags: 0
  m_IsActive: 1
--- !u!4 &5205084962966949659
Transform:
  m_ObjectHideFlags: 0
  m_CorrespondingSourceObject: {fileID: 0}
  m_PrefabInstance: {fileID: 0}
  m_PrefabAsset: {fileID: 0}
  m_GameObject: {fileID: 5205084962966949658}
  m_LocalRotation: {x: -0, y: -0, z: 0.6887257, w: 0.7250221}
  m_LocalPosition: {x: -0.7786519, y: 3.822445, z: 9}
  m_LocalScale: {x: 0.7, y: 0.7, z: 1}
  m_Children: []
  m_Father: {fileID: 5205084962777281923}
  m_RootOrder: 0
  m_LocalEulerAnglesHint: {x: 0, y: 0, z: 87.059006}
--- !u!212 &5205084962966949656
SpriteRenderer:
  m_ObjectHideFlags: 0
  m_CorrespondingSourceObject: {fileID: 0}
  m_PrefabInstance: {fileID: 0}
  m_PrefabAsset: {fileID: 0}
  m_GameObject: {fileID: 5205084962966949658}
  m_Enabled: 1
  m_CastShadows: 0
  m_ReceiveShadows: 0
  m_DynamicOccludee: 1
  m_MotionVectors: 1
  m_LightProbeUsage: 1
  m_ReflectionProbeUsage: 1
  m_RayTracingMode: 0
  m_RenderingLayerMask: 1
  m_RendererPriority: 0
  m_Materials:
  - {fileID: 10754, guid: 0000000000000000f000000000000000, type: 0}
  m_StaticBatchInfo:
    firstSubMesh: 0
    subMeshCount: 0
  m_StaticBatchRoot: {fileID: 0}
  m_ProbeAnchor: {fileID: 0}
  m_LightProbeVolumeOverride: {fileID: 0}
  m_ScaleInLightmap: 1
  m_ReceiveGI: 1
  m_PreserveUVs: 0
  m_IgnoreNormalsForChartDetection: 0
  m_ImportantGI: 0
  m_StitchLightmapSeams: 1
  m_SelectedEditorRenderState: 0
  m_MinimumChartSize: 4
  m_AutoUVMaxDistance: 0.5
  m_AutoUVMaxAngle: 89
  m_LightmapParameters: {fileID: 0}
  m_SortingLayerID: 0
  m_SortingLayer: 0
  m_SortingOrder: 0
  m_Sprite: {fileID: 21300000, guid: 5b137d068d8b3884ebab022523259502, type: 3}
  m_Color: {r: 1, g: 1, b: 1, a: 1}
  m_FlipX: 0
  m_FlipY: 0
  m_DrawMode: 0
  m_Size: {x: 0.78, y: 0.78}
  m_AdaptiveModeThreshold: 0.5
  m_SpriteTileMode: 0
  m_WasSpriteAssigned: 1
  m_MaskInteraction: 0
  m_SpriteSortPoint: 0
--- !u!1 &5205084964104890552
GameObject:
  m_ObjectHideFlags: 0
  m_CorrespondingSourceObject: {fileID: 0}
  m_PrefabInstance: {fileID: 0}
  m_PrefabAsset: {fileID: 0}
  serializedVersion: 6
  m_Component:
  - component: {fileID: 5205084964104890553}
  m_Layer: 0
  m_Name: Lines
  m_TagString: Untagged
  m_Icon: {fileID: 0}
  m_NavMeshLayer: 0
  m_StaticEditorFlags: 0
  m_IsActive: 1
--- !u!4 &5205084964104890553
Transform:
  m_ObjectHideFlags: 0
  m_CorrespondingSourceObject: {fileID: 0}
  m_PrefabInstance: {fileID: 0}
  m_PrefabAsset: {fileID: 0}
  m_GameObject: {fileID: 5205084964104890552}
  m_LocalRotation: {x: 0, y: 0, z: 0, w: 1}
  m_LocalPosition: {x: 0, y: 0, z: 0}
  m_LocalScale: {x: 1, y: 1, z: 1}
  m_Children:
  - {fileID: 8685450997303357580}
  - {fileID: 8786076898845056421}
  m_Father: {fileID: 5205084964190027412}
  m_RootOrder: 3
  m_LocalEulerAnglesHint: {x: 0, y: 0, z: 0}
--- !u!1 &5205084964151026223
GameObject:
  m_ObjectHideFlags: 0
  m_CorrespondingSourceObject: {fileID: 0}
  m_PrefabInstance: {fileID: 0}
  m_PrefabAsset: {fileID: 0}
  serializedVersion: 6
  m_Component:
  - component: {fileID: 5205084964151026220}
  - component: {fileID: 5205084964151026221}
  m_Layer: 0
  m_Name: BG
  m_TagString: Untagged
  m_Icon: {fileID: 0}
  m_NavMeshLayer: 0
  m_StaticEditorFlags: 0
  m_IsActive: 1
--- !u!4 &5205084964151026220
Transform:
  m_ObjectHideFlags: 0
  m_CorrespondingSourceObject: {fileID: 0}
  m_PrefabInstance: {fileID: 0}
  m_PrefabAsset: {fileID: 0}
  m_GameObject: {fileID: 5205084964151026223}
  m_LocalRotation: {x: 0, y: 0, z: 0, w: 1}
  m_LocalPosition: {x: 0, y: 0, z: 1.21}
  m_LocalScale: {x: 1, y: 1, z: 1}
  m_Children: []
  m_Father: {fileID: 5205084964190027412}
  m_RootOrder: 1
  m_LocalEulerAnglesHint: {x: 0, y: 0, z: 0}
--- !u!212 &5205084964151026221
SpriteRenderer:
  m_ObjectHideFlags: 0
  m_CorrespondingSourceObject: {fileID: 0}
  m_PrefabInstance: {fileID: 0}
  m_PrefabAsset: {fileID: 0}
  m_GameObject: {fileID: 5205084964151026223}
  m_Enabled: 1
  m_CastShadows: 0
  m_ReceiveShadows: 0
  m_DynamicOccludee: 1
  m_MotionVectors: 1
  m_LightProbeUsage: 1
  m_ReflectionProbeUsage: 1
  m_RayTracingMode: 0
  m_RenderingLayerMask: 1
  m_RendererPriority: 0
  m_Materials:
  - {fileID: 10754, guid: 0000000000000000f000000000000000, type: 0}
  m_StaticBatchInfo:
    firstSubMesh: 0
    subMeshCount: 0
  m_StaticBatchRoot: {fileID: 0}
  m_ProbeAnchor: {fileID: 0}
  m_LightProbeVolumeOverride: {fileID: 0}
  m_ScaleInLightmap: 1
  m_ReceiveGI: 1
  m_PreserveUVs: 0
  m_IgnoreNormalsForChartDetection: 0
  m_ImportantGI: 0
  m_StitchLightmapSeams: 1
  m_SelectedEditorRenderState: 0
  m_MinimumChartSize: 4
  m_AutoUVMaxDistance: 0.5
  m_AutoUVMaxAngle: 89
  m_LightmapParameters: {fileID: 0}
  m_SortingLayerID: 0
  m_SortingLayer: 0
  m_SortingOrder: 0
  m_Sprite: {fileID: 21300000, guid: 2a38b70c5d2a3964cb904a8f58a4f7a8, type: 3}
  m_Color: {r: 1, g: 1, b: 1, a: 1}
  m_FlipX: 0
  m_FlipY: 0
  m_DrawMode: 0
  m_Size: {x: 10.75, y: 19.15}
  m_AdaptiveModeThreshold: 0.5
  m_SpriteTileMode: 0
  m_WasSpriteAssigned: 1
  m_MaskInteraction: 0
  m_SpriteSortPoint: 0
--- !u!1 &5205084964190027415
GameObject:
  m_ObjectHideFlags: 0
  m_CorrespondingSourceObject: {fileID: 0}
  m_PrefabInstance: {fileID: 0}
  m_PrefabAsset: {fileID: 0}
  serializedVersion: 6
  m_Component:
  - component: {fileID: 5205084964190027412}
  - component: {fileID: 5205084964190027413}
  m_Layer: 0
  m_Name: Level 182
  m_TagString: Untagged
  m_Icon: {fileID: 0}
  m_NavMeshLayer: 0
  m_StaticEditorFlags: 0
  m_IsActive: 1
--- !u!4 &5205084964190027412
Transform:
  m_ObjectHideFlags: 0
  m_CorrespondingSourceObject: {fileID: 0}
  m_PrefabInstance: {fileID: 0}
  m_PrefabAsset: {fileID: 0}
  m_GameObject: {fileID: 5205084964190027415}
  m_LocalRotation: {x: 0, y: 0, z: 0, w: 1}
  m_LocalPosition: {x: 0, y: 0, z: 0}
  m_LocalScale: {x: 1, y: 1, z: 1}
  m_Children:
  - {fileID: 5205084962356019084}
  - {fileID: 5205084964151026220}
  - {fileID: 5205084962777281923}
  - {fileID: 5205084964104890553}
  - {fileID: 4117706021668814299}
  m_Father: {fileID: 0}
  m_RootOrder: 0
  m_LocalEulerAnglesHint: {x: 0, y: 0, z: 0}
--- !u!114 &5205084964190027413
MonoBehaviour:
  m_ObjectHideFlags: 0
  m_CorrespondingSourceObject: {fileID: 0}
  m_PrefabInstance: {fileID: 0}
  m_PrefabAsset: {fileID: 0}
  m_GameObject: {fileID: 5205084964190027415}
  m_Enabled: 1
  m_EditorHideFlags: 0
  m_Script: {fileID: 11500000, guid: 6156accd7665ce7429d6dabd7e6d4830, type: 3}
  m_Name: 
  m_EditorClassIdentifier: 
  isLevelHint: 0
  trsPointGroup: {fileID: 5205084962777281923}
  trsLineGroup: {fileID: 5205084964104890553}
  trsMoveLine: {fileID: 4117706021668814299}
  idWorld: 0
  id: 182
  musicID: 1
  isAllCircle: 0
  isAllEllipse: 0
  isAllSquareNormal: 0
  isAllTriangleNormal: 0
  isAllRhombus: 0
  isAllLines: 1
  isCustom: 0
  moveTime: 2.5
  numberStep: 8
  timeWin: 3
  turns:
  - beatsID: 
    lineNumber: 01000000
  - beatsID: 
    lineNumber: 02000000
  lineBallsAuto: 
  linesRotate: []
  ballsActive: []
  shadowSkillOn: 0
  lineHightLights: []
--- !u!1 &5408879181954564513
GameObject:
  m_ObjectHideFlags: 0
  m_CorrespondingSourceObject: {fileID: 0}
  m_PrefabInstance: {fileID: 0}
  m_PrefabAsset: {fileID: 0}
  serializedVersion: 6
  m_Component:
  - component: {fileID: 4117706021668814299}
  m_Layer: 0
  m_Name: MoveLines
  m_TagString: Untagged
  m_Icon: {fileID: 0}
  m_NavMeshLayer: 0
  m_StaticEditorFlags: 0
  m_IsActive: 1
--- !u!4 &4117706021668814299
Transform:
  m_ObjectHideFlags: 0
  m_CorrespondingSourceObject: {fileID: 0}
  m_PrefabInstance: {fileID: 0}
  m_PrefabAsset: {fileID: 0}
  m_GameObject: {fileID: 5408879181954564513}
  m_LocalRotation: {x: 0, y: 0, z: 0, w: 1}
  m_LocalPosition: {x: 0, y: 0, z: 0}
  m_LocalScale: {x: 1, y: 1, z: 1}
  m_Children: []
  m_Father: {fileID: 5205084964190027412}
  m_RootOrder: 4
  m_LocalEulerAnglesHint: {x: 0, y: 0, z: 0}
--- !u!1 &5800273311452970373
GameObject:
  m_ObjectHideFlags: 0
  m_CorrespondingSourceObject: {fileID: 0}
  m_PrefabInstance: {fileID: 0}
  m_PrefabAsset: {fileID: 0}
  serializedVersion: 6
  m_Component:
  - component: {fileID: 8685450997303357580}
  - component: {fileID: 405765058896346383}
  - component: {fileID: 7683784899814474799}
  - component: {fileID: 7120816304262889891}
  - component: {fileID: 1076872380486696692}
  - component: {fileID: 590541705076094321}
  - component: {fileID: 5539807225407536932}
  - component: {fileID: 5779570486791705268}
  m_Layer: 0
  m_Name: curve
  m_TagString: Untagged
  m_Icon: {fileID: 0}
  m_NavMeshLayer: 0
  m_StaticEditorFlags: 0
  m_IsActive: 1
--- !u!4 &8685450997303357580
Transform:
  m_ObjectHideFlags: 0
  m_CorrespondingSourceObject: {fileID: 0}
  m_PrefabInstance: {fileID: 0}
  m_PrefabAsset: {fileID: 0}
  m_GameObject: {fileID: 5800273311452970373}
  m_LocalRotation: {x: 0, y: 0, z: 0, w: 1}
  m_LocalPosition: {x: -0.001, y: 0.62, z: 0}
  m_LocalScale: {x: 0.7966669, y: 0.7966669, z: 0.7966669}
  m_Children: []
  m_Father: {fileID: 5205084964104890553}
  m_RootOrder: 0
  m_LocalEulerAnglesHint: {x: 0, y: 0, z: 0}
--- !u!114 &405765058896346383
MonoBehaviour:
  m_ObjectHideFlags: 0
  m_CorrespondingSourceObject: {fileID: 0}
  m_PrefabInstance: {fileID: 0}
  m_PrefabAsset: {fileID: 0}
  m_GameObject: {fileID: 5800273311452970373}
  m_Enabled: 1
  m_EditorHideFlags: 0
  m_Script: {fileID: 11500000, guid: e70f079e2a6bf364e8185b765fbe61c0, type: 3}
  m_Name: 
  m_EditorClassIdentifier: 
  settings:
    hideHandles: 0
    newPointDistance: 2
    showCurve: 1
    showCurveMode: 1
    showCurveOption: 0
    sections: 20
    showPointMenu: 1
    showTangents: 0
    tangentsSize: 0.7
    tangentsColor: {r: 1, g: 1, b: 1, a: 1}
    tangentsPerSection: 1
    controlType: 1
    vRay: 0
    lineColor: {r: 1, g: 0, b: 0, a: 1}
    restrictGizmoz: 
    showPointControlType: 1
    showPointPosition: 1
    showHandles: 1
    handlesType: 0
    handlesSettings:
      RemoveX: 0
      RemoveY: 0
      RemoveZ: 1
      RemoveXZ: 1
      RemoveXY: 0
      RemoveYZ: 1
      AxisScale: 1
      PlanesScale: 1
      Alpha: 1
    showLabels: 1
    labelColor: {r: 1, g: 1, b: 1, a: 1}
    showPositions: 0
    labelColorSelected: {r: 0, g: 1, b: 0, a: 1}
    showSpheres: 1
    sphereRadius: 0.1
    sphereColor: {r: 1, g: 0, b: 0, a: 1}
    showPointControlPositions: 1
    showControlHandles: 1
    controlHandlesType: 0
    controlHandlesSettings:
      RemoveX: 0
      RemoveY: 0
      RemoveZ: 1
      RemoveXZ: 1
      RemoveXY: 0
      RemoveYZ: 1
      AxisScale: 0.7
      PlanesScale: 0.7
      Alpha: 0.7
    controlHandlesColor: {r: 0, g: 1, b: 1, a: 1}
    showControlLabels: 1
    showControlPositions: 0
    labelControlColor: {r: 1, g: 0.92156863, b: 0.015686275, a: 1}
    showTransformField: 0
    existing: 1
  mode2D: 1
  closed: 0
  points:
  - controlType: 1
    positionLocal: {x: -0.9761318, y: 4.019804, z: 0}
    controlFirstLocal: {x: 0.053432643, y: 0.5092311, z: 0}
    controlSecondLocal: {x: -0.053432643, y: -0.5092311, z: -0}
    pointTransform: {fileID: 0}
    curve: {fileID: 405765058896346383}
    fieldsValues: []
  - controlType: 1
    positionLocal: {x: -0.07868991, y: 2.0102139, z: 0}
    controlFirstLocal: {x: -0.78479135, y: 0.76549363, z: -0}
    controlSecondLocal: {x: 0.78479135, y: -0.76549363, z: 0}
    pointTransform: {fileID: 0}
    curve: {fileID: 405765058896346383}
    fieldsValues: []
  - controlType: 1
    positionLocal: {x: 1.1881725, y: 0, z: 0}
    controlFirstLocal: {x: -0.0068899393, y: 0.82287264, z: 0}
    controlSecondLocal: {x: 0.0068899393, y: -0.82287264, z: -0}
    pointTransform: {fileID: 0}
    curve: {fileID: 405765058896346383}
    fieldsValues: []
  - controlType: 1
    positionLocal: {x: 0.09231123, y: -1.8048555, z: 0}
    controlFirstLocal: {x: 0.77743125, y: 0.8162675, z: 0}
    controlSecondLocal: {x: -0.77743125, y: -0.8162675, z: -0}
    pointTransform: {fileID: 0}
    curve: {fileID: 405765058896346383}
    fieldsValues: []
  - controlType: 1
    positionLocal: {x: -0.9170395, y: -4.0198035, z: 0}
    controlFirstLocal: {x: -0.06190282, y: 0.88085175, z: -0}
    controlSecondLocal: {x: 0.06190282, y: -0.88085175, z: 0}
    pointTransform: {fileID: 0}
    curve: {fileID: 405765058896346383}
    fieldsValues: []
  pointsComponents: []
  pointsGameObjects: []
  fields: []
  snapType: 0
  snapAxis: 1
  snapDistance: 10
  snapLayerMask:
    serializedVersion: 2
    m_Bits: 4294967295
  snapTriggerInteraction: 0
  snapToBackFaces: 0
  snapMonitoring: 0
  eventMode: 0
  pointsMode: 0
  forceChangedEventMode: 0
--- !u!114 &7683784899814474799
MonoBehaviour:
  m_ObjectHideFlags: 0
  m_CorrespondingSourceObject: {fileID: 0}
  m_PrefabInstance: {fileID: 0}
  m_PrefabAsset: {fileID: 0}
  m_GameObject: {fileID: 5800273311452970373}
  m_Enabled: 1
  m_EditorHideFlags: 0
  m_Script: {fileID: 11500000, guid: b6d20671ad38ded4fa2362df353b9a31, type: 3}
  m_Name: 
  m_EditorClassIdentifier: 
  showHandles: 1
  hidden: 0
  parent: {fileID: 0}
  ccName: 
  fields: 1
  mathType: 0
  sectionParts: 30
  optimizeStraightLines: 0
  tolerance: 0.2
  usePositionToCalculateTangents: 0
  updateMode: 0
  rendererForUpdateCheck: {fileID: 0}
  mathChangedEvent:
    m_PersistentCalls:
      m_Calls: []
  spheresScale: 1
  spheresColor: {r: 1, g: 1, b: 1, a: 1}
  spheresCount: 100
--- !u!114 &7120816304262889891
MonoBehaviour:
  m_ObjectHideFlags: 0
  m_CorrespondingSourceObject: {fileID: 0}
  m_PrefabInstance: {fileID: 0}
  m_PrefabAsset: {fileID: 0}
  m_GameObject: {fileID: 5800273311452970373}
  m_Enabled: 1
  m_EditorHideFlags: 0
  m_Script: {fileID: 11500000, guid: 924df4c68ad59e943b47b75f2323f73a, type: 3}
  m_Name: 
  m_EditorClassIdentifier: 
  showHandles: 1
  hidden: 0
  parent: {fileID: 7683784899814474799}
  ccName: 
  distance: 0
  handlesScale: 1
  handlesColor: {r: 1, g: 1, b: 1, a: 1}
--- !u!114 &1076872380486696692
MonoBehaviour:
  m_ObjectHideFlags: 0
  m_CorrespondingSourceObject: {fileID: 0}
  m_PrefabInstance: {fileID: 0}
  m_PrefabAsset: {fileID: 0}
  m_GameObject: {fileID: 5800273311452970373}
  m_Enabled: 1
  m_EditorHideFlags: 0
  m_Script: {fileID: 11500000, guid: 9d916ef28168e544d9dc5bb790f67ba0, type: 3}
  m_Name: 
  m_EditorClassIdentifier: 
  showHandles: 1
  hidden: 0
  parent: {fileID: 7120816304262889891}
  ccName: 
  objectToManipulate: {fileID: 5205084962966949659}
--- !u!120 &590541705076094321
LineRenderer:
  m_ObjectHideFlags: 0
  m_CorrespondingSourceObject: {fileID: 0}
  m_PrefabInstance: {fileID: 0}
  m_PrefabAsset: {fileID: 0}
  m_GameObject: {fileID: 5800273311452970373}
  m_Enabled: 1
  m_CastShadows: 1
  m_ReceiveShadows: 1
  m_DynamicOccludee: 1
  m_MotionVectors: 0
  m_LightProbeUsage: 0
  m_ReflectionProbeUsage: 0
  m_RayTracingMode: 0
  m_RenderingLayerMask: 1
  m_RendererPriority: 0
  m_Materials:
  - {fileID: 2100000, guid: 6cb3650f50dfad54c8b05afcedfa398d, type: 2}
  m_StaticBatchInfo:
    firstSubMesh: 0
    subMeshCount: 0
  m_StaticBatchRoot: {fileID: 0}
  m_ProbeAnchor: {fileID: 0}
  m_LightProbeVolumeOverride: {fileID: 0}
  m_ScaleInLightmap: 1
  m_ReceiveGI: 1
  m_PreserveUVs: 0
  m_IgnoreNormalsForChartDetection: 0
  m_ImportantGI: 0
  m_StitchLightmapSeams: 1
  m_SelectedEditorRenderState: 3
  m_MinimumChartSize: 4
  m_AutoUVMaxDistance: 0.5
  m_AutoUVMaxAngle: 89
  m_LightmapParameters: {fileID: 0}
  m_SortingLayerID: 0
  m_SortingLayer: 0
  m_SortingOrder: 0
  m_Positions:
  - {x: -0.7786519, y: 3.822445, z: 0}
  - {x: -0.782314, y: 3.7812827, z: 0}
  - {x: -0.7847395, y: 3.7389567, z: 0}
  - {x: -0.78585786, y: 3.6955013, z: 0}
  - {x: -0.7855983, y: 3.6509511, z: 0}
  - {x: -0.7838901, y: 3.6053407, z: 0}
  - {x: -0.7806628, y: 3.5587044, z: 0}
  - {x: -0.7758455, y: 3.5110772, z: 0}
  - {x: -0.7693677, y: 3.462493, z: 0}
  - {x: -0.7611586, y: 3.4129868, z: 0}
  - {x: -0.75114757, y: 3.3625927, z: 0}
  - {x: -0.739264, y: 3.3113456, z: 0}
  - {x: -0.7254371, y: 3.25928, z: 0}
  - {x: -0.70959634, y: 3.2064302, z: 0}
  - {x: -0.69167095, y: 3.1528308, z: 0}
  - {x: -0.67159027, y: 3.0985165, z: 0}
  - {x: -0.64928365, y: 3.0435214, z: 0}
  - {x: -0.62468034, y: 2.9878805, z: 0}
  - {x: -0.59770983, y: 2.9316282, z: 0}
  - {x: -0.5683013, y: 2.8747988, z: 0}
  - {x: -0.53638417, y: 2.817427, z: 0}
  - {x: -0.5018877, y: 2.7595472, z: 0}
  - {x: -0.46474123, y: 2.7011943, z: 0}
  - {x: -0.42487413, y: 2.6424024, z: 0}
  - {x: -0.3822157, y: 2.5832062, z: 0}
  - {x: -0.33669528, y: 2.5236402, z: 0}
  - {x: -0.28824216, y: 2.4637387, z: 0}
  - {x: -0.23678574, y: 2.4035366, z: 0}
  - {x: -0.18225528, y: 2.3430681, z: 0}
  - {x: -0.124580145, y: 2.2823682, z: 0}
  - {x: -0.06368965, y: 2.2214708, z: 0}
  - {x: -0.0019947868, y: 2.1613772, z: 0}
  - {x: 0.058027606, y: 2.1029766, z: 0}
  - {x: 0.116349444, y: 2.0461376, z: 0}
  - {x: 0.17294262, y: 1.9907284, z: 0}
  - {x: 0.22777906, y: 1.9366168, z: 0}
  - {x: 0.28083065, y: 1.8836713, z: 0}
  - {x: 0.33206934, y: 1.8317598, z: 0}
  - {x: 0.38146698, y: 1.7807508, z: 0}
  - {x: 0.42899552, y: 1.7305121, z: 0}
  - {x: 0.47462684, y: 1.6809121, z: 0}
  - {x: 0.5183329, y: 1.6318189, z: 0}
  - {x: 0.56008554, y: 1.5831007, z: 0}
  - {x: 0.5998567, y: 1.5346255, z: 0}
  - {x: 0.63761824, y: 1.4862617, z: 0}
  - {x: 0.67334217, y: 1.4378774, z: 0}
  - {x: 0.7070003, y: 1.3893406, z: 0}
  - {x: 0.7385646, y: 1.3405197, z: 0}
  - {x: 0.7680069, y: 1.2912828, z: 0}
  - {x: 0.79529923, y: 1.2414979, z: 0}
  - {x: 0.8204134, y: 1.1910334, z: 0}
  - {x: 0.8433214, y: 1.1397572, z: 0}
  - {x: 0.863995, y: 1.0875378, z: 0}
  - {x: 0.88240623, y: 1.034243, z: 0}
  - {x: 0.89852697, y: 0.9797413, z: 0}
  - {x: 0.91232914, y: 0.9239006, z: 0}
  - {x: 0.92378455, y: 0.86658925, z: 0}
  - {x: 0.93286526, y: 0.80767536, z: 0}
  - {x: 0.93954307, y: 0.7470271, z: 0}
  - {x: 0.9437899, y: 0.68451256, z: 0}
  - {x: 0.9455777, y: 0.62, z: 0}
  - {x: 0.94524086, y: 0.556151, z: 0}
  - {x: 0.9431184, y: 0.4955607, z: 0}
  - {x: 0.939189, y: 0.43799764, z: 0}
  - {x: 0.9334316, y: 0.38323027, z: 0}
  - {x: 0.9258249, y: 0.33102706, z: 0}
  - {x: 0.9163476, y: 0.28115654, z: 0}
  - {x: 0.90497863, y: 0.23338717, z: 0}
  - {x: 0.8916966, y: 0.18748745, z: 0}
  - {x: 0.87648034, y: 0.14322586, z: 0}
  - {x: 0.85930866, y: 0.1003709, z: 0}
  - {x: 0.8401603, y: 0.058691036, z: 0}
  - {x: 0.819014, y: 0.017954765, z: 0}
  - {x: 0.7958486, y: -0.022069424, z: 0}
  - {x: 0.7706429, y: -0.061613046, z: 0}
  - {x: 0.74337554, y: -0.10090762, z: 0}
  - {x: 0.7140254, y: -0.14018464, z: 0}
  - {x: 0.68257123, y: -0.17967564, z: 0}
  - {x: 0.64899176, y: -0.21961214, z: 0}
  - {x: 0.6132659, y: -0.26022562, z: 0}
  - {x: 0.5753722, y: -0.30174762, z: 0}
  - {x: 0.53528965, y: -0.34440964, z: 0}
  - {x: 0.49299684, y: -0.3884432, z: 0}
  - {x: 0.44847268, y: -0.4340798, z: 0}
  - {x: 0.4016959, y: -0.481551, z: 0}
  - {x: 0.35264525, y: -0.53108823, z: 0}
  - {x: 0.30129954, y: -0.58292305, z: 0}
  - {x: 0.24763751, y: -0.637287, z: 0}
  - {x: 0.19163795, y: -0.6944116, z: 0}
  - {x: 0.13327962, y: -0.7545283, z: 0}
  - {x: 0.072541304, y: -0.8178686, z: 0}
  - {x: 0.0118864095, y: -0.8821249, z: 0}
  - {x: -0.046222623, y: -0.9449133, z: 0}
  - {x: -0.101808436, y: -1.0063509, z: 0}
  - {x: -0.15489367, y: -1.0665547, z: 0}
  - {x: -0.20550096, y: -1.125642, z: 0}
  - {x: -0.25365296, y: -1.1837295, z: 0}
  - {x: -0.2993723, y: -1.2409348, z: 0}
  - {x: -0.3426816, y: -1.2973747, z: 0}
  - {x: -0.3836035, y: -1.3531665, z: 0}
  - {x: -0.4221607, y: -1.4084271, z: 0}
  - {x: -0.4583758, y: -1.4632736, z: 0}
  - {x: -0.49227142, y: -1.5178233, z: 0}
  - {x: -0.5238702, y: -1.5721933, z: 0}
  - {x: -0.5531949, y: -1.6265005, z: 0}
  - {x: -0.58026797, y: -1.6808621, z: 0}
  - {x: -0.6051122, y: -1.7353951, z: 0}
  - {x: -0.6277501, y: -1.7902168, z: 0}
  - {x: -0.64820445, y: -1.8454442, z: 0}
  - {x: -0.66649777, y: -1.9011945, z: 0}
  - {x: -0.6826528, y: -1.9575846, z: 0}
  - {x: -0.69669205, y: -2.014732, z: 0}
  - {x: -0.7086383, y: -2.0727532, z: 0}
  - {x: -0.71851414, y: -2.1317656, z: 0}
  - {x: -0.7263422, y: -2.1918867, z: 0}
  - {x: -0.73214513, y: -2.253233, z: 0}
  - {x: -0.7359455, y: -2.3159218, z: 0}
  - {x: -0.7377661, y: -2.3800702, z: 0}
  - {x: -0.7376294, y: -2.4457955, z: 0}
  - {x: -0.7355582, y: -2.5132146, z: 0}
  - {x: -0.731575, y: -2.5824447, z: 0}
  m_Parameters:
    serializedVersion: 3
    widthMultiplier: 1
    widthCurve:
      serializedVersion: 2
      m_Curve:
      - serializedVersion: 3
        time: 0
        value: 0.05
        inSlope: 0
        outSlope: 0
        tangentMode: 0
        weightedMode: 0
        inWeight: 0.33333334
        outWeight: 0.33333334
      m_PreInfinity: 2
      m_PostInfinity: 2
      m_RotationOrder: 4
    colorGradient:
      serializedVersion: 2
      key0: {r: 1, g: 1, b: 1, a: 1}
      key1: {r: 1, g: 1, b: 1, a: 1}
      key2: {r: 0, g: 0, b: 0, a: 0}
      key3: {r: 0, g: 0, b: 0, a: 0}
      key4: {r: 0, g: 0, b: 0, a: 0}
      key5: {r: 0, g: 0, b: 0, a: 0}
      key6: {r: 0, g: 0, b: 0, a: 0}
      key7: {r: 0, g: 0, b: 0, a: 0}
      ctime0: 0
      ctime1: 65535
      ctime2: 0
      ctime3: 0
      ctime4: 0
      ctime5: 0
      ctime6: 0
      ctime7: 0
      atime0: 0
      atime1: 65535
      atime2: 0
      atime3: 0
      atime4: 0
      atime5: 0
      atime6: 0
      atime7: 0
      m_Mode: 0
      m_NumColorKeys: 2
      m_NumAlphaKeys: 2
    numCornerVertices: 0
    numCapVertices: 0
    alignment: 0
    textureMode: 0
    shadowBias: 0.5
    generateLightingData: 0
  m_UseWorldSpace: 1
  m_Loop: 0
--- !u!114 &5539807225407536932
MonoBehaviour:
  m_ObjectHideFlags: 0
  m_CorrespondingSourceObject: {fileID: 0}
  m_PrefabInstance: {fileID: 0}
  m_PrefabAsset: {fileID: 0}
  m_GameObject: {fileID: 5800273311452970373}
  m_Enabled: 1
  m_EditorHideFlags: 0
  m_Script: {fileID: 11500000, guid: 8a69af748a081a14dbc7aa333bece5af, type: 3}
  m_Name: 
  m_EditorClassIdentifier: 
  showHandles: 1
  hidden: 0
  parent: {fileID: 7683784899814474799}
  ccName: 
  splitMode: 0
  partsTotal: 30
  partsPerSection: 30
  doNotOptimizeStraightLines: 0
  useLocal: 0
  spheresScale: 1
  spheresColor: {r: 1, g: 1, b: 1, a: 1}
  spheresCount: 100
  updateAtStart: 0
--- !u!114 &5779570486791705268
MonoBehaviour:
  m_ObjectHideFlags: 0
  m_CorrespondingSourceObject: {fileID: 0}
  m_PrefabInstance: {fileID: 0}
  m_PrefabAsset: {fileID: 0}
  m_GameObject: {fileID: 5800273311452970373}
  m_Enabled: 1
  m_EditorHideFlags: 0
  m_Script: {fileID: 11500000, guid: a66383f42ae09a644a380c2acc4f77e5, type: 3}
  m_Name: 
  m_EditorClassIdentifier: 
  lineType: 5
