%YAML 1.1
%TAG !u! tag:unity3d.com,2011:
--- !u!1 &1538336288335350025
GameObject:
  m_ObjectHideFlags: 0
  m_CorrespondingSourceObject: {fileID: 0}
  m_PrefabInstance: {fileID: 0}
  m_PrefabAsset: {fileID: 0}
  serializedVersion: 6
  m_Component:
  - component: {fileID: 6363451391124703223}
  - component: {fileID: 4392672371009083015}
  - component: {fileID: 452683687719274437}
  - component: {fileID: 5988327488456100283}
  - component: {fileID: 7676163405350274150}
  - component: {fileID: 5979732882010296644}
  - component: {fileID: 4191649331285940578}
  m_Layer: 0
  m_Name: Line 1
  m_TagString: Untagged
  m_Icon: {fileID: 0}
  m_NavMeshLayer: 0
  m_StaticEditorFlags: 0
  m_IsActive: 1
--- !u!4 &6363451391124703223
Transform:
  m_ObjectHideFlags: 0
  m_CorrespondingSourceObject: {fileID: 0}
  m_PrefabInstance: {fileID: 0}
  m_PrefabAsset: {fileID: 0}
  m_GameObject: {fileID: 1538336288335350025}
  m_LocalRotation: {x: 0, y: 0, z: 0, w: 1}
  m_LocalPosition: {x: 0, y: -0.72, z: 0}
  m_LocalScale: {x: 0.65, y: 0.65, z: 1}
  m_Children: []
  m_Father: {fileID: 1826965752016830604}
  m_RootOrder: 0
  m_LocalEulerAnglesHint: {x: 0, y: 0, z: 0}
--- !u!114 &4392672371009083015
MonoBehaviour:
  m_ObjectHideFlags: 0
  m_CorrespondingSourceObject: {fileID: 0}
  m_PrefabInstance: {fileID: 0}
  m_PrefabAsset: {fileID: 0}
  m_GameObject: {fileID: 1538336288335350025}
  m_Enabled: 1
  m_EditorHideFlags: 0
  m_Script: {fileID: 11500000, guid: e70f079e2a6bf364e8185b765fbe61c0, type: 3}
  m_Name: 
  m_EditorClassIdentifier: 
  settings:
    hideHandles: 0
    newPointDistance: 2
    showCurve: 1
    showCurveMode: 1
    showCurveOption: 0
    sections: 20
    showPointMenu: 1
    showTangents: 0
    tangentsSize: 0.7
    tangentsColor: {r: 1, g: 1, b: 1, a: 1}
    tangentsPerSection: 1
    controlType: 1
    vRay: 0
    lineColor: {r: 1, g: 0, b: 0, a: 1}
    restrictGizmoz: 
    showPointControlType: 1
    showPointPosition: 1
    showHandles: 1
    handlesType: 0
    handlesSettings:
      RemoveX: 0
      RemoveY: 0
      RemoveZ: 1
      RemoveXZ: 1
      RemoveXY: 0
      RemoveYZ: 1
      AxisScale: 1
      PlanesScale: 1
      Alpha: 1
    showLabels: 1
    labelColor: {r: 1, g: 1, b: 1, a: 1}
    showPositions: 0
    labelColorSelected: {r: 0, g: 1, b: 0, a: 1}
    showSpheres: 1
    sphereRadius: 0.1
    sphereColor: {r: 1, g: 0, b: 0, a: 1}
    showPointControlPositions: 1
    showControlHandles: 1
    controlHandlesType: 0
    controlHandlesSettings:
      RemoveX: 0
      RemoveY: 0
      RemoveZ: 1
      RemoveXZ: 1
      RemoveXY: 0
      RemoveYZ: 1
      AxisScale: 0.7
      PlanesScale: 0.7
      Alpha: 0.7
    controlHandlesColor: {r: 0, g: 1, b: 1, a: 1}
    showControlLabels: 1
    showControlPositions: 0
    labelControlColor: {r: 1, g: 0.92156863, b: 0.015686275, a: 1}
    showTransformField: 0
    existing: 1
  mode2D: 1
  closed: 1
  points:
  - controlType: 1
    positionLocal: {x: 0, y: 2, z: 0}
    controlFirstLocal: {x: -1.1, y: 0, z: -0}
    controlSecondLocal: {x: 1.1, y: -0, z: 0}
    pointTransform: {fileID: 0}
    curve: {fileID: 4392672371009083015}
    fieldsValues: []
  - controlType: 1
    positionLocal: {x: 2, y: 0, z: 0}
    controlFirstLocal: {x: 0, y: 1.1, z: -0}
    controlSecondLocal: {x: -0, y: -1.1, z: 0}
    pointTransform: {fileID: 0}
    curve: {fileID: 4392672371009083015}
    fieldsValues: []
  - controlType: 1
    positionLocal: {x: 0, y: -2, z: 0}
    controlFirstLocal: {x: 1.1, y: 0, z: -0}
    controlSecondLocal: {x: -1.1, y: -0, z: 0}
    pointTransform: {fileID: 0}
    curve: {fileID: 4392672371009083015}
    fieldsValues: []
  - controlType: 1
    positionLocal: {x: -2, y: 0, z: 0}
    controlFirstLocal: {x: 0, y: -1.1, z: -0}
    controlSecondLocal: {x: -0, y: 1.1, z: 0}
    pointTransform: {fileID: 0}
    curve: {fileID: 4392672371009083015}
    fieldsValues: []
  pointsComponents: []
  pointsGameObjects: []
  fields: []
  snapType: 0
  snapAxis: 1
  snapDistance: 10
  snapLayerMask:
    serializedVersion: 2
    m_Bits: 4294967295
  snapTriggerInteraction: 0
  snapToBackFaces: 0
  snapMonitoring: 0
  eventMode: 0
  pointsMode: 0
  forceChangedEventMode: 0
--- !u!120 &452683687719274437
LineRenderer:
  m_ObjectHideFlags: 0
  m_CorrespondingSourceObject: {fileID: 0}
  m_PrefabInstance: {fileID: 0}
  m_PrefabAsset: {fileID: 0}
  m_GameObject: {fileID: 1538336288335350025}
  m_Enabled: 1
  m_CastShadows: 1
  m_ReceiveShadows: 1
  m_DynamicOccludee: 1
  m_MotionVectors: 0
  m_LightProbeUsage: 0
  m_ReflectionProbeUsage: 0
  m_RayTracingMode: 0
  m_RenderingLayerMask: 1
  m_RendererPriority: 0
  m_Materials:
  - {fileID: 2100000, guid: 6cb3650f50dfad54c8b05afcedfa398d, type: 2}
  m_StaticBatchInfo:
    firstSubMesh: 0
    subMeshCount: 0
  m_StaticBatchRoot: {fileID: 0}
  m_ProbeAnchor: {fileID: 0}
  m_LightProbeVolumeOverride: {fileID: 0}
  m_ScaleInLightmap: 1
  m_ReceiveGI: 1
  m_PreserveUVs: 0
  m_IgnoreNormalsForChartDetection: 0
  m_ImportantGI: 0
  m_StitchLightmapSeams: 1
  m_SelectedEditorRenderState: 3
  m_MinimumChartSize: 4
  m_AutoUVMaxDistance: 0.5
  m_AutoUVMaxAngle: 89
  m_LightmapParameters: {fileID: 0}
  m_SortingLayerID: 0
  m_SortingLayer: 0
  m_SortingOrder: 0
  m_Positions:
  - {x: 0, y: 0.5799999, z: 0}
  - {x: 0.07104981, y: 0.57806677, z: 0}
  - {x: 0.14113185, y: 0.57233477, z: 0}
  - {x: 0.210145, y: 0.56290495, z: 0}
  - {x: 0.27798814, y: 0.5498784, z: 0}
  - {x: 0.34456018, y: 0.5333564, z: 0}
  - {x: 0.40976, y: 0.51343995, z: 0}
  - {x: 0.47348645, y: 0.4902301, z: 0}
  - {x: 0.5356385, y: 0.4638281, z: 0}
  - {x: 0.596115, y: 0.43433493, z: 0}
  - {x: 0.6548148, y: 0.40185177, z: 0}
  - {x: 0.71163684, y: 0.36647975, z: 0}
  - {x: 0.76647997, y: 0.32831994, z: 0}
  - {x: 0.81924313, y: 0.28747344, z: 0}
  - {x: 0.8698251, y: 0.24404141, z: 0}
  - {x: 0.918125, y: 0.19812495, z: 0}
  - {x: 0.9640415, y: 0.14982513, z: 0}
  - {x: 1.0074735, y: 0.09924309, z: 0}
  - {x: 1.0483199, y: 0.046479944, z: 0}
  - {x: 1.0864798, y: -0.008363203, z: 0}
  - {x: 1.1218518, y: -0.06518524, z: 0}
  - {x: 1.1543349, y: -0.12388505, z: 0}
  - {x: 1.1838281, y: -0.18436153, z: 0}
  - {x: 1.2102301, y: -0.24651356, z: 0}
  - {x: 1.2334399, y: -0.31024003, z: 0}
  - {x: 1.2533565, y: -0.37543985, z: 0}
  - {x: 1.2698785, y: -0.4420119, z: 0}
  - {x: 1.282905, y: -0.50985503, z: 0}
  - {x: 1.2923348, y: -0.5788682, z: 0}
  - {x: 1.2980669, y: -0.6489502, z: 0}
  - {x: 1.3, y: -0.72, z: 0}
  - {x: 1.2980669, y: -0.79104984, z: 0}
  - {x: 1.2923348, y: -0.86113185, z: 0}
  - {x: 1.282905, y: -0.930145, z: 0}
  - {x: 1.2698785, y: -0.99798816, z: 0}
  - {x: 1.2533565, y: -1.0645602, z: 0}
  - {x: 1.2334399, y: -1.12976, z: 0}
  - {x: 1.2102301, y: -1.1934865, z: 0}
  - {x: 1.1838281, y: -1.2556385, z: 0}
  - {x: 1.1543349, y: -1.316115, z: 0}
  - {x: 1.1218518, y: -1.3748147, z: 0}
  - {x: 1.0864798, y: -1.4316368, z: 0}
  - {x: 1.0483199, y: -1.48648, z: 0}
  - {x: 1.0074735, y: -1.5392431, z: 0}
  - {x: 0.9640415, y: -1.5898252, z: 0}
  - {x: 0.918125, y: -1.638125, z: 0}
  - {x: 0.8698251, y: -1.6840415, z: 0}
  - {x: 0.81924313, y: -1.7274735, z: 0}
  - {x: 0.76647997, y: -1.76832, z: 0}
  - {x: 0.71163684, y: -1.8064798, z: 0}
  - {x: 0.6548148, y: -1.8418518, z: 0}
  - {x: 0.596115, y: -1.8743349, z: 0}
  - {x: 0.5356385, y: -1.9038281, z: 0}
  - {x: 0.47348645, y: -1.9302301, z: 0}
  - {x: 0.40976, y: -1.95344, z: 0}
  - {x: 0.34456018, y: -1.9733565, z: 0}
  - {x: 0.27798814, y: -1.9898785, z: 0}
  - {x: 0.210145, y: -2.002905, z: 0}
  - {x: 0.14113185, y: -2.0123348, z: 0}
  - {x: 0.07104981, y: -2.018067, z: 0}
  - {x: 0, y: -2.02, z: 0}
  - {x: -0.07104981, y: -2.018067, z: 0}
  - {x: -0.14113185, y: -2.0123348, z: 0}
  - {x: -0.210145, y: -2.002905, z: 0}
  - {x: -0.27798814, y: -1.9898785, z: 0}
  - {x: -0.34456018, y: -1.9733565, z: 0}
  - {x: -0.40976, y: -1.95344, z: 0}
  - {x: -0.47348645, y: -1.9302301, z: 0}
  - {x: -0.5356385, y: -1.9038281, z: 0}
  - {x: -0.596115, y: -1.8743349, z: 0}
  - {x: -0.6548148, y: -1.8418518, z: 0}
  - {x: -0.71163684, y: -1.8064798, z: 0}
  - {x: -0.76647997, y: -1.76832, z: 0}
  - {x: -0.81924313, y: -1.7274735, z: 0}
  - {x: -0.8698251, y: -1.6840415, z: 0}
  - {x: -0.918125, y: -1.638125, z: 0}
  - {x: -0.9640415, y: -1.5898252, z: 0}
  - {x: -1.0074735, y: -1.5392431, z: 0}
  - {x: -1.0483199, y: -1.48648, z: 0}
  - {x: -1.0864798, y: -1.4316368, z: 0}
  - {x: -1.1218518, y: -1.3748147, z: 0}
  - {x: -1.1543349, y: -1.316115, z: 0}
  - {x: -1.1838281, y: -1.2556385, z: 0}
  - {x: -1.2102301, y: -1.1934865, z: 0}
  - {x: -1.2334399, y: -1.12976, z: 0}
  - {x: -1.2533565, y: -1.0645602, z: 0}
  - {x: -1.2698785, y: -0.99798816, z: 0}
  - {x: -1.282905, y: -0.930145, z: 0}
  - {x: -1.2923348, y: -0.86113185, z: 0}
  - {x: -1.2980669, y: -0.79104984, z: 0}
  - {x: -1.3, y: -0.72, z: 0}
  - {x: -1.2980669, y: -0.6489502, z: 0}
  - {x: -1.2923348, y: -0.5788682, z: 0}
  - {x: -1.282905, y: -0.50985503, z: 0}
  - {x: -1.2698785, y: -0.4420119, z: 0}
  - {x: -1.2533565, y: -0.37543985, z: 0}
  - {x: -1.2334399, y: -0.31024003, z: 0}
  - {x: -1.2102301, y: -0.24651356, z: 0}
  - {x: -1.1838281, y: -0.18436153, z: 0}
  - {x: -1.1543349, y: -0.12388505, z: 0}
  - {x: -1.1218518, y: -0.06518524, z: 0}
  - {x: -1.0864798, y: -0.008363203, z: 0}
  - {x: -1.0483199, y: 0.046479944, z: 0}
  - {x: -1.0074735, y: 0.09924309, z: 0}
  - {x: -0.9640415, y: 0.14982513, z: 0}
  - {x: -0.918125, y: 0.19812495, z: 0}
  - {x: -0.8698251, y: 0.24404141, z: 0}
  - {x: -0.81924313, y: 0.28747344, z: 0}
  - {x: -0.76647997, y: 0.32831994, z: 0}
  - {x: -0.71163684, y: 0.36647975, z: 0}
  - {x: -0.6548148, y: 0.40185177, z: 0}
  - {x: -0.596115, y: 0.43433493, z: 0}
  - {x: -0.5356385, y: 0.4638281, z: 0}
  - {x: -0.47348645, y: 0.4902301, z: 0}
  - {x: -0.40976, y: 0.51343995, z: 0}
  - {x: -0.34456018, y: 0.5333564, z: 0}
  - {x: -0.27798814, y: 0.5498784, z: 0}
  - {x: -0.210145, y: 0.56290495, z: 0}
  - {x: -0.14113185, y: 0.57233477, z: 0}
  - {x: -0.07104981, y: 0.57806677, z: 0}
  - {x: 0, y: 0.5799999, z: 0}
  m_Parameters:
    serializedVersion: 3
    widthMultiplier: 1
    widthCurve:
      serializedVersion: 2
      m_Curve:
      - serializedVersion: 3
        time: 0
        value: 0.05
        inSlope: 0
        outSlope: 0
        tangentMode: 0
        weightedMode: 0
        inWeight: 0.33333334
        outWeight: 0.33333334
      m_PreInfinity: 2
      m_PostInfinity: 2
      m_RotationOrder: 4
    colorGradient:
      serializedVersion: 2
      key0: {r: 1, g: 1, b: 1, a: 1}
      key1: {r: 1, g: 1, b: 1, a: 1}
      key2: {r: 0, g: 0, b: 0, a: 0}
      key3: {r: 0, g: 0, b: 0, a: 0}
      key4: {r: 0, g: 0, b: 0, a: 0}
      key5: {r: 0, g: 0, b: 0, a: 0}
      key6: {r: 0, g: 0, b: 0, a: 0}
      key7: {r: 0, g: 0, b: 0, a: 0}
      ctime0: 0
      ctime1: 65535
      ctime2: 0
      ctime3: 0
      ctime4: 0
      ctime5: 0
      ctime6: 0
      ctime7: 0
      atime0: 0
      atime1: 65535
      atime2: 0
      atime3: 0
      atime4: 0
      atime5: 0
      atime6: 0
      atime7: 0
      m_Mode: 0
      m_NumColorKeys: 2
      m_NumAlphaKeys: 2
    numCornerVertices: 0
    numCapVertices: 0
    alignment: 0
    textureMode: 0
    shadowBias: 0.5
    generateLightingData: 0
  m_UseWorldSpace: 1
  m_Loop: 0
--- !u!114 &5988327488456100283
MonoBehaviour:
  m_ObjectHideFlags: 0
  m_CorrespondingSourceObject: {fileID: 0}
  m_PrefabInstance: {fileID: 0}
  m_PrefabAsset: {fileID: 0}
  m_GameObject: {fileID: 1538336288335350025}
  m_Enabled: 1
  m_EditorHideFlags: 0
  m_Script: {fileID: 11500000, guid: b6d20671ad38ded4fa2362df353b9a31, type: 3}
  m_Name: 
  m_EditorClassIdentifier: 
  showHandles: 1
  hidden: 1
  parent: {fileID: 0}
  ccName: 
  fields: 1
  mathType: 0
  sectionParts: 30
  optimizeStraightLines: 0
  tolerance: 0.2
  usePositionToCalculateTangents: 0
  updateMode: 0
  rendererForUpdateCheck: {fileID: 0}
  mathChangedEvent:
    m_PersistentCalls:
      m_Calls: []
  spheresScale: 1
  spheresColor: {r: 1, g: 1, b: 1, a: 1}
  spheresCount: 100
--- !u!114 &7676163405350274150
MonoBehaviour:
  m_ObjectHideFlags: 0
  m_CorrespondingSourceObject: {fileID: 0}
  m_PrefabInstance: {fileID: 0}
  m_PrefabAsset: {fileID: 0}
  m_GameObject: {fileID: 1538336288335350025}
  m_Enabled: 1
  m_EditorHideFlags: 0
  m_Script: {fileID: 11500000, guid: 8a69af748a081a14dbc7aa333bece5af, type: 3}
  m_Name: 
  m_EditorClassIdentifier: 
  showHandles: 1
  hidden: 1
  parent: {fileID: 5988327488456100283}
  ccName: 
  splitMode: 0
  partsTotal: 30
  partsPerSection: 30
  doNotOptimizeStraightLines: 0
  useLocal: 0
  spheresScale: 1
  spheresColor: {r: 1, g: 1, b: 1, a: 1}
  spheresCount: 100
  updateAtStart: 0
--- !u!114 &5979732882010296644
MonoBehaviour:
  m_ObjectHideFlags: 0
  m_CorrespondingSourceObject: {fileID: 0}
  m_PrefabInstance: {fileID: 0}
  m_PrefabAsset: {fileID: 0}
  m_GameObject: {fileID: 1538336288335350025}
  m_Enabled: 1
  m_EditorHideFlags: 0
  m_Script: {fileID: 11500000, guid: 924df4c68ad59e943b47b75f2323f73a, type: 3}
  m_Name: 
  m_EditorClassIdentifier: 
  showHandles: 1
  hidden: 0
  parent: {fileID: 5988327488456100283}
  ccName: 
  distance: 0
  handlesScale: 1
  handlesColor: {r: 1, g: 1, b: 1, a: 1}
--- !u!114 &4191649331285940578
MonoBehaviour:
  m_ObjectHideFlags: 0
  m_CorrespondingSourceObject: {fileID: 0}
  m_PrefabInstance: {fileID: 0}
  m_PrefabAsset: {fileID: 0}
  m_GameObject: {fileID: 1538336288335350025}
  m_Enabled: 1
  m_EditorHideFlags: 0
  m_Script: {fileID: 11500000, guid: 9d916ef28168e544d9dc5bb790f67ba0, type: 3}
  m_Name: 
  m_EditorClassIdentifier: 
  showHandles: 1
  hidden: 0
  parent: {fileID: 5979732882010296644}
  ccName: 
  objectToManipulate: {fileID: 1826965751008405294}
--- !u!1 &1826965749974128570
GameObject:
  m_ObjectHideFlags: 0
  m_CorrespondingSourceObject: {fileID: 0}
  m_PrefabInstance: {fileID: 0}
  m_PrefabAsset: {fileID: 0}
  serializedVersion: 6
  m_Component:
  - component: {fileID: 1826965749974128569}
  - component: {fileID: 1826965749974128568}
  m_Layer: 0
  m_Name: 'Demo '
  m_TagString: Untagged
  m_Icon: {fileID: 0}
  m_NavMeshLayer: 0
  m_StaticEditorFlags: 0
  m_IsActive: 0
--- !u!4 &1826965749974128569
Transform:
  m_ObjectHideFlags: 0
  m_CorrespondingSourceObject: {fileID: 0}
  m_PrefabInstance: {fileID: 0}
  m_PrefabAsset: {fileID: 0}
  m_GameObject: {fileID: 1826965749974128570}
  m_LocalRotation: {x: -0, y: -0, z: -0, w: 1}
  m_LocalPosition: {x: 0, y: 0, z: 0}
  m_LocalScale: {x: 2, y: 2, z: 1}
  m_Children: []
  m_Father: {fileID: 1826965751898281633}
  m_RootOrder: 0
  m_LocalEulerAnglesHint: {x: 0, y: 0, z: 0}
--- !u!212 &1826965749974128568
SpriteRenderer:
  m_ObjectHideFlags: 0
  m_CorrespondingSourceObject: {fileID: 0}
  m_PrefabInstance: {fileID: 0}
  m_PrefabAsset: {fileID: 0}
  m_GameObject: {fileID: 1826965749974128570}
  m_Enabled: 1
  m_CastShadows: 0
  m_ReceiveShadows: 0
  m_DynamicOccludee: 1
  m_MotionVectors: 1
  m_LightProbeUsage: 1
  m_ReflectionProbeUsage: 1
  m_RayTracingMode: 0
  m_RenderingLayerMask: 1
  m_RendererPriority: 0
  m_Materials:
  - {fileID: 10754, guid: 0000000000000000f000000000000000, type: 0}
  m_StaticBatchInfo:
    firstSubMesh: 0
    subMeshCount: 0
  m_StaticBatchRoot: {fileID: 0}
  m_ProbeAnchor: {fileID: 0}
  m_LightProbeVolumeOverride: {fileID: 0}
  m_ScaleInLightmap: 1
  m_ReceiveGI: 1
  m_PreserveUVs: 0
  m_IgnoreNormalsForChartDetection: 0
  m_ImportantGI: 0
  m_StitchLightmapSeams: 1
  m_SelectedEditorRenderState: 0
  m_MinimumChartSize: 4
  m_AutoUVMaxDistance: 0.5
  m_AutoUVMaxAngle: 89
  m_LightmapParameters: {fileID: 0}
  m_SortingLayerID: 0
  m_SortingLayer: 0
  m_SortingOrder: 0
  m_Sprite: {fileID: 21300000, guid: c8f8f2584959b0d44b69716b3fab3166, type: 3}
  m_Color: {r: 1, g: 1, b: 1, a: 0.23921569}
  m_FlipX: 0
  m_FlipY: 0
  m_DrawMode: 0
  m_Size: {x: 2.8, y: 4.97}
  m_AdaptiveModeThreshold: 0.5
  m_SpriteTileMode: 0
  m_WasSpriteAssigned: 0
  m_MaskInteraction: 0
  m_SpriteSortPoint: 0
--- !u!1 &1826965750626606519
GameObject:
  m_ObjectHideFlags: 0
  m_CorrespondingSourceObject: {fileID: 0}
  m_PrefabInstance: {fileID: 0}
  m_PrefabAsset: {fileID: 0}
  serializedVersion: 6
  m_Component:
  - component: {fileID: 1826965750626606518}
  m_Layer: 0
  m_Name: Points
  m_TagString: Untagged
  m_Icon: {fileID: 0}
  m_NavMeshLayer: 0
  m_StaticEditorFlags: 0
  m_IsActive: 1
--- !u!4 &1826965750626606518
Transform:
  m_ObjectHideFlags: 0
  m_CorrespondingSourceObject: {fileID: 0}
  m_PrefabInstance: {fileID: 0}
  m_PrefabAsset: {fileID: 0}
  m_GameObject: {fileID: 1826965750626606519}
  m_LocalRotation: {x: 0, y: 0, z: 1, w: 0}
  m_LocalPosition: {x: 0, y: 0, z: -9}
  m_LocalScale: {x: 1, y: 1, z: 1}
  m_Children:
  - {fileID: 1826965751008405294}
  - {fileID: 3890566045525114013}
  - {fileID: 6725681320866176518}
  m_Father: {fileID: 1826965751898281633}
  m_RootOrder: 2
  m_LocalEulerAnglesHint: {x: 0, y: 0, z: 180}
--- !u!1 &1826965751008405295
GameObject:
  m_ObjectHideFlags: 0
  m_CorrespondingSourceObject: {fileID: 0}
  m_PrefabInstance: {fileID: 0}
  m_PrefabAsset: {fileID: 0}
  serializedVersion: 6
  m_Component:
  - component: {fileID: 1826965751008405294}
  - component: {fileID: 1826965751008405293}
  m_Layer: 0
  m_Name: p1
  m_TagString: Untagged
  m_Icon: {fileID: 0}
  m_NavMeshLayer: 0
  m_StaticEditorFlags: 0
  m_IsActive: 1
--- !u!4 &1826965751008405294
Transform:
  m_ObjectHideFlags: 0
  m_CorrespondingSourceObject: {fileID: 0}
  m_PrefabInstance: {fileID: 0}
  m_PrefabAsset: {fileID: 0}
  m_GameObject: {fileID: 1826965751008405295}
  m_LocalRotation: {x: 0, y: 0, z: 0.7071068, w: 0.7071068}
  m_LocalPosition: {x: 0, y: -0.5799999, z: 9}
  m_LocalScale: {x: 0.7, y: 0.7, z: 1}
  m_Children: []
  m_Father: {fileID: 1826965750626606518}
  m_RootOrder: 0
  m_LocalEulerAnglesHint: {x: 0, y: 0, z: 90}
--- !u!212 &1826965751008405293
SpriteRenderer:
  m_ObjectHideFlags: 0
  m_CorrespondingSourceObject: {fileID: 0}
  m_PrefabInstance: {fileID: 0}
  m_PrefabAsset: {fileID: 0}
  m_GameObject: {fileID: 1826965751008405295}
  m_Enabled: 1
  m_CastShadows: 0
  m_ReceiveShadows: 0
  m_DynamicOccludee: 1
  m_MotionVectors: 1
  m_LightProbeUsage: 1
  m_ReflectionProbeUsage: 1
  m_RayTracingMode: 0
  m_RenderingLayerMask: 1
  m_RendererPriority: 0
  m_Materials:
  - {fileID: 10754, guid: 0000000000000000f000000000000000, type: 0}
  m_StaticBatchInfo:
    firstSubMesh: 0
    subMeshCount: 0
  m_StaticBatchRoot: {fileID: 0}
  m_ProbeAnchor: {fileID: 0}
  m_LightProbeVolumeOverride: {fileID: 0}
  m_ScaleInLightmap: 1
  m_ReceiveGI: 1
  m_PreserveUVs: 0
  m_IgnoreNormalsForChartDetection: 0
  m_ImportantGI: 0
  m_StitchLightmapSeams: 1
  m_SelectedEditorRenderState: 0
  m_MinimumChartSize: 4
  m_AutoUVMaxDistance: 0.5
  m_AutoUVMaxAngle: 89
  m_LightmapParameters: {fileID: 0}
  m_SortingLayerID: 0
  m_SortingLayer: 0
  m_SortingOrder: 0
  m_Sprite: {fileID: 21300000, guid: 5b137d068d8b3884ebab022523259502, type: 3}
  m_Color: {r: 1, g: 1, b: 1, a: 1}
  m_FlipX: 0
  m_FlipY: 0
  m_DrawMode: 0
  m_Size: {x: 0.78, y: 0.78}
  m_AdaptiveModeThreshold: 0.5
  m_SpriteTileMode: 0
  m_WasSpriteAssigned: 1
  m_MaskInteraction: 0
  m_SpriteSortPoint: 0
--- !u!1 &1826965751898281634
GameObject:
  m_ObjectHideFlags: 0
  m_CorrespondingSourceObject: {fileID: 0}
  m_PrefabInstance: {fileID: 0}
  m_PrefabAsset: {fileID: 0}
  serializedVersion: 6
  m_Component:
  - component: {fileID: 1826965751898281633}
  - component: {fileID: 1826965751898281632}
  m_Layer: 0
  m_Name: Level 26-1
  m_TagString: Untagged
  m_Icon: {fileID: 0}
  m_NavMeshLayer: 0
  m_StaticEditorFlags: 0
  m_IsActive: 1
--- !u!4 &1826965751898281633
Transform:
  m_ObjectHideFlags: 0
  m_CorrespondingSourceObject: {fileID: 0}
  m_PrefabInstance: {fileID: 0}
  m_PrefabAsset: {fileID: 0}
  m_GameObject: {fileID: 1826965751898281634}
  m_LocalRotation: {x: 0, y: 0, z: 0, w: 1}
  m_LocalPosition: {x: 0, y: 0, z: 0}
  m_LocalScale: {x: 1, y: 1, z: 1}
  m_Children:
  - {fileID: 1826965749974128569}
  - {fileID: 1826965751970695705}
  - {fileID: 1826965750626606518}
  - {fileID: 1826965752016830604}
  - {fileID: 7512995211723150830}
  m_Father: {fileID: 0}
  m_RootOrder: 0
  m_LocalEulerAnglesHint: {x: 0, y: 0, z: 0}
--- !u!114 &1826965751898281632
MonoBehaviour:
  m_ObjectHideFlags: 0
  m_CorrespondingSourceObject: {fileID: 0}
  m_PrefabInstance: {fileID: 0}
  m_PrefabAsset: {fileID: 0}
  m_GameObject: {fileID: 1826965751898281634}
  m_Enabled: 1
  m_EditorHideFlags: 0
  m_Script: {fileID: 11500000, guid: 6156accd7665ce7429d6dabd7e6d4830, type: 3}
  m_Name: 
  m_EditorClassIdentifier: 
  isLevelHint: 0
  trsPointGroup: {fileID: 1826965750626606518}
  trsLineGroup: {fileID: 1826965752016830604}
  trsMoveLine: {fileID: 7512995211723150830}
  idWorld: 0
  id: 26
  musicID: 3
  isAllCircle: 1
  isAllEllipse: 0
  isAllSquareNormal: 0
  isAllTriangleNormal: 0
  isAllRhombus: 0
  isAllLines: 0
  isCustom: 0
  moveTime: 2.5
  numberStep: 8
  timeWin: 3
  turns:
  - beatsID: 02000000
    lineNumber: 03000000
  - beatsID: 03000000
    lineNumber: 03000000
  - beatsID: 0100000004000000
    lineNumber: 03000000
  - beatsID: 
    lineNumber: 03000000
  lineBallsAuto: 0100000002000000
  lineBallsAutoForHint: 
  linesRotate: []
  ballsActive: []
  lineHightLights: []
--- !u!1 &1826965751970695706
GameObject:
  m_ObjectHideFlags: 0
  m_CorrespondingSourceObject: {fileID: 0}
  m_PrefabInstance: {fileID: 0}
  m_PrefabAsset: {fileID: 0}
  serializedVersion: 6
  m_Component:
  - component: {fileID: 1826965751970695705}
  - component: {fileID: 1826965751970695704}
  m_Layer: 0
  m_Name: BG
  m_TagString: Untagged
  m_Icon: {fileID: 0}
  m_NavMeshLayer: 0
  m_StaticEditorFlags: 0
  m_IsActive: 1
--- !u!4 &1826965751970695705
Transform:
  m_ObjectHideFlags: 0
  m_CorrespondingSourceObject: {fileID: 0}
  m_PrefabInstance: {fileID: 0}
  m_PrefabAsset: {fileID: 0}
  m_GameObject: {fileID: 1826965751970695706}
  m_LocalRotation: {x: 0, y: 0, z: 0, w: 1}
  m_LocalPosition: {x: 0, y: 0, z: 1.21}
  m_LocalScale: {x: 1, y: 1, z: 1}
  m_Children: []
  m_Father: {fileID: 1826965751898281633}
  m_RootOrder: 1
  m_LocalEulerAnglesHint: {x: 0, y: 0, z: 0}
--- !u!212 &1826965751970695704
SpriteRenderer:
  m_ObjectHideFlags: 0
  m_CorrespondingSourceObject: {fileID: 0}
  m_PrefabInstance: {fileID: 0}
  m_PrefabAsset: {fileID: 0}
  m_GameObject: {fileID: 1826965751970695706}
  m_Enabled: 1
  m_CastShadows: 0
  m_ReceiveShadows: 0
  m_DynamicOccludee: 1
  m_MotionVectors: 1
  m_LightProbeUsage: 1
  m_ReflectionProbeUsage: 1
  m_RayTracingMode: 0
  m_RenderingLayerMask: 1
  m_RendererPriority: 0
  m_Materials:
  - {fileID: 10754, guid: 0000000000000000f000000000000000, type: 0}
  m_StaticBatchInfo:
    firstSubMesh: 0
    subMeshCount: 0
  m_StaticBatchRoot: {fileID: 0}
  m_ProbeAnchor: {fileID: 0}
  m_LightProbeVolumeOverride: {fileID: 0}
  m_ScaleInLightmap: 1
  m_ReceiveGI: 1
  m_PreserveUVs: 0
  m_IgnoreNormalsForChartDetection: 0
  m_ImportantGI: 0
  m_StitchLightmapSeams: 1
  m_SelectedEditorRenderState: 0
  m_MinimumChartSize: 4
  m_AutoUVMaxDistance: 0.5
  m_AutoUVMaxAngle: 89
  m_LightmapParameters: {fileID: 0}
  m_SortingLayerID: 0
  m_SortingLayer: 0
  m_SortingOrder: 0
  m_Sprite: {fileID: 21300000, guid: 2a38b70c5d2a3964cb904a8f58a4f7a8, type: 3}
  m_Color: {r: 1, g: 1, b: 1, a: 1}
  m_FlipX: 0
  m_FlipY: 0
  m_DrawMode: 0
  m_Size: {x: 10.75, y: 19.15}
  m_AdaptiveModeThreshold: 0.5
  m_SpriteTileMode: 0
  m_WasSpriteAssigned: 1
  m_MaskInteraction: 0
  m_SpriteSortPoint: 0
--- !u!1 &1826965752016830605
GameObject:
  m_ObjectHideFlags: 0
  m_CorrespondingSourceObject: {fileID: 0}
  m_PrefabInstance: {fileID: 0}
  m_PrefabAsset: {fileID: 0}
  serializedVersion: 6
  m_Component:
  - component: {fileID: 1826965752016830604}
  m_Layer: 0
  m_Name: Lines
  m_TagString: Untagged
  m_Icon: {fileID: 0}
  m_NavMeshLayer: 0
  m_StaticEditorFlags: 0
  m_IsActive: 1
--- !u!4 &1826965752016830604
Transform:
  m_ObjectHideFlags: 0
  m_CorrespondingSourceObject: {fileID: 0}
  m_PrefabInstance: {fileID: 0}
  m_PrefabAsset: {fileID: 0}
  m_GameObject: {fileID: 1826965752016830605}
  m_LocalRotation: {x: 0, y: 0, z: 0, w: 1}
  m_LocalPosition: {x: 0, y: 0, z: 0}
  m_LocalScale: {x: 1, y: 1, z: 1}
  m_Children:
  - {fileID: 6363451391124703223}
  - {fileID: 8995703555861355835}
  - {fileID: 6725681320286785767}
  m_Father: {fileID: 1826965751898281633}
  m_RootOrder: 3
  m_LocalEulerAnglesHint: {x: 0, y: 0, z: 0}
--- !u!1 &1906905474161060244
GameObject:
  m_ObjectHideFlags: 0
  m_CorrespondingSourceObject: {fileID: 0}
  m_PrefabInstance: {fileID: 0}
  m_PrefabAsset: {fileID: 0}
  serializedVersion: 6
  m_Component:
  - component: {fileID: 7512995211723150830}
  m_Layer: 0
  m_Name: MoveLines
  m_TagString: Untagged
  m_Icon: {fileID: 0}
  m_NavMeshLayer: 0
  m_StaticEditorFlags: 0
  m_IsActive: 1
--- !u!4 &7512995211723150830
Transform:
  m_ObjectHideFlags: 0
  m_CorrespondingSourceObject: {fileID: 0}
  m_PrefabInstance: {fileID: 0}
  m_PrefabAsset: {fileID: 0}
  m_GameObject: {fileID: 1906905474161060244}
  m_LocalRotation: {x: 0, y: 0, z: 0, w: 1}
  m_LocalPosition: {x: 0, y: 0, z: 0}
  m_LocalScale: {x: 1, y: 1, z: 1}
  m_Children: []
  m_Father: {fileID: 1826965751898281633}
  m_RootOrder: 4
  m_LocalEulerAnglesHint: {x: 0, y: 0, z: 0}
--- !u!1 &2315203490149910344
GameObject:
  m_ObjectHideFlags: 0
  m_CorrespondingSourceObject: {fileID: 0}
  m_PrefabInstance: {fileID: 0}
  m_PrefabAsset: {fileID: 0}
  serializedVersion: 6
  m_Component:
  - component: {fileID: 8995703555861355835}
  - component: {fileID: 4755887708021319712}
  - component: {fileID: 2180399603118546390}
  - component: {fileID: 3146063199129784561}
  - component: {fileID: 4772176697892080723}
  - component: {fileID: 4549026574484080351}
  - component: {fileID: 2988518034915481914}
  m_Layer: 0
  m_Name: Line 2
  m_TagString: Untagged
  m_Icon: {fileID: 0}
  m_NavMeshLayer: 0
  m_StaticEditorFlags: 0
  m_IsActive: 1
--- !u!4 &8995703555861355835
Transform:
  m_ObjectHideFlags: 0
  m_CorrespondingSourceObject: {fileID: 0}
  m_PrefabInstance: {fileID: 0}
  m_PrefabAsset: {fileID: 0}
  m_GameObject: {fileID: 2315203490149910344}
  m_LocalRotation: {x: 0, y: 0, z: 0, w: 1}
  m_LocalPosition: {x: 0, y: 1.89, z: 0}
  m_LocalScale: {x: 0.65, y: 0.65, z: 1}
  m_Children: []
  m_Father: {fileID: 1826965752016830604}
  m_RootOrder: 1
  m_LocalEulerAnglesHint: {x: 0, y: 0, z: 0}
--- !u!114 &4755887708021319712
MonoBehaviour:
  m_ObjectHideFlags: 0
  m_CorrespondingSourceObject: {fileID: 0}
  m_PrefabInstance: {fileID: 0}
  m_PrefabAsset: {fileID: 0}
  m_GameObject: {fileID: 2315203490149910344}
  m_Enabled: 1
  m_EditorHideFlags: 0
  m_Script: {fileID: 11500000, guid: e70f079e2a6bf364e8185b765fbe61c0, type: 3}
  m_Name: 
  m_EditorClassIdentifier: 
  settings:
    hideHandles: 0
    newPointDistance: 2
    showCurve: 1
    showCurveMode: 1
    showCurveOption: 0
    sections: 20
    showPointMenu: 1
    showTangents: 0
    tangentsSize: 0.7
    tangentsColor: {r: 1, g: 1, b: 1, a: 1}
    tangentsPerSection: 1
    controlType: 1
    vRay: 0
    lineColor: {r: 1, g: 0, b: 0, a: 1}
    restrictGizmoz: 
    showPointControlType: 1
    showPointPosition: 1
    showHandles: 1
    handlesType: 0
    handlesSettings:
      RemoveX: 0
      RemoveY: 0
      RemoveZ: 1
      RemoveXZ: 1
      RemoveXY: 0
      RemoveYZ: 1
      AxisScale: 1
      PlanesScale: 1
      Alpha: 1
    showLabels: 1
    labelColor: {r: 1, g: 1, b: 1, a: 1}
    showPositions: 0
    labelColorSelected: {r: 0, g: 1, b: 0, a: 1}
    showSpheres: 1
    sphereRadius: 0.1
    sphereColor: {r: 1, g: 0, b: 0, a: 1}
    showPointControlPositions: 1
    showControlHandles: 1
    controlHandlesType: 0
    controlHandlesSettings:
      RemoveX: 0
      RemoveY: 0
      RemoveZ: 1
      RemoveXZ: 1
      RemoveXY: 0
      RemoveYZ: 1
      AxisScale: 0.7
      PlanesScale: 0.7
      Alpha: 0.7
    controlHandlesColor: {r: 0, g: 1, b: 1, a: 1}
    showControlLabels: 1
    showControlPositions: 0
    labelControlColor: {r: 1, g: 0.92156863, b: 0.015686275, a: 1}
    showTransformField: 0
    existing: 1
  mode2D: 1
  closed: 1
  points:
  - controlType: 1
    positionLocal: {x: 0, y: 2, z: 0}
    controlFirstLocal: {x: -1.1, y: 0, z: -0}
    controlSecondLocal: {x: 1.1, y: -0, z: 0}
    pointTransform: {fileID: 0}
    curve: {fileID: 4755887708021319712}
    fieldsValues: []
  - controlType: 1
    positionLocal: {x: 2, y: 0, z: 0}
    controlFirstLocal: {x: 0, y: 1.1, z: -0}
    controlSecondLocal: {x: -0, y: -1.1, z: 0}
    pointTransform: {fileID: 0}
    curve: {fileID: 4755887708021319712}
    fieldsValues: []
  - controlType: 1
    positionLocal: {x: 0, y: -2, z: 0}
    controlFirstLocal: {x: 1.1, y: 0, z: -0}
    controlSecondLocal: {x: -1.1, y: -0, z: 0}
    pointTransform: {fileID: 0}
    curve: {fileID: 4755887708021319712}
    fieldsValues: []
  - controlType: 1
    positionLocal: {x: -2, y: 0, z: 0}
    controlFirstLocal: {x: 0, y: -1.1, z: -0}
    controlSecondLocal: {x: -0, y: 1.1, z: 0}
    pointTransform: {fileID: 0}
    curve: {fileID: 4755887708021319712}
    fieldsValues: []
  pointsComponents: []
  pointsGameObjects: []
  fields: []
  snapType: 0
  snapAxis: 1
  snapDistance: 10
  snapLayerMask:
    serializedVersion: 2
    m_Bits: 4294967295
  snapTriggerInteraction: 0
  snapToBackFaces: 0
  snapMonitoring: 0
  eventMode: 0
  pointsMode: 0
  forceChangedEventMode: 0
--- !u!120 &2180399603118546390
LineRenderer:
  m_ObjectHideFlags: 0
  m_CorrespondingSourceObject: {fileID: 0}
  m_PrefabInstance: {fileID: 0}
  m_PrefabAsset: {fileID: 0}
  m_GameObject: {fileID: 2315203490149910344}
  m_Enabled: 1
  m_CastShadows: 1
  m_ReceiveShadows: 1
  m_DynamicOccludee: 1
  m_MotionVectors: 0
  m_LightProbeUsage: 0
  m_ReflectionProbeUsage: 0
  m_RayTracingMode: 0
  m_RenderingLayerMask: 1
  m_RendererPriority: 0
  m_Materials:
  - {fileID: 2100000, guid: 6cb3650f50dfad54c8b05afcedfa398d, type: 2}
  m_StaticBatchInfo:
    firstSubMesh: 0
    subMeshCount: 0
  m_StaticBatchRoot: {fileID: 0}
  m_ProbeAnchor: {fileID: 0}
  m_LightProbeVolumeOverride: {fileID: 0}
  m_ScaleInLightmap: 1
  m_ReceiveGI: 1
  m_PreserveUVs: 0
  m_IgnoreNormalsForChartDetection: 0
  m_ImportantGI: 0
  m_StitchLightmapSeams: 1
  m_SelectedEditorRenderState: 3
  m_MinimumChartSize: 4
  m_AutoUVMaxDistance: 0.5
  m_AutoUVMaxAngle: 89
  m_LightmapParameters: {fileID: 0}
  m_SortingLayerID: 0
  m_SortingLayer: 0
  m_SortingOrder: 0
  m_Positions:
  - {x: 0, y: 3.19, z: 0}
  - {x: 0.07104981, y: 3.188067, z: 0}
  - {x: 0.14113185, y: 3.182335, z: 0}
  - {x: 0.210145, y: 3.172905, z: 0}
  - {x: 0.27798814, y: 3.1598785, z: 0}
  - {x: 0.34456018, y: 3.1433566, z: 0}
  - {x: 0.40976, y: 3.12344, z: 0}
  - {x: 0.47348645, y: 3.1002302, z: 0}
  - {x: 0.5356385, y: 3.0738282, z: 0}
  - {x: 0.596115, y: 3.0443351, z: 0}
  - {x: 0.6548148, y: 3.0118518, z: 0}
  - {x: 0.71163684, y: 2.9764798, z: 0}
  - {x: 0.76647997, y: 2.9383202, z: 0}
  - {x: 0.81924313, y: 2.8974736, z: 0}
  - {x: 0.8698251, y: 2.8540416, z: 0}
  - {x: 0.918125, y: 2.808125, z: 0}
  - {x: 0.9640415, y: 2.7598252, z: 0}
  - {x: 1.0074735, y: 2.709243, z: 0}
  - {x: 1.0483199, y: 2.65648, z: 0}
  - {x: 1.0864798, y: 2.601637, z: 0}
  - {x: 1.1218518, y: 2.5448148, z: 0}
  - {x: 1.1543349, y: 2.486115, z: 0}
  - {x: 1.1838281, y: 2.4256384, z: 0}
  - {x: 1.2102301, y: 2.3634865, z: 0}
  - {x: 1.2334399, y: 2.29976, z: 0}
  - {x: 1.2533565, y: 2.2345603, z: 0}
  - {x: 1.2698785, y: 2.167988, z: 0}
  - {x: 1.282905, y: 2.100145, z: 0}
  - {x: 1.2923348, y: 2.0311317, z: 0}
  - {x: 1.2980669, y: 1.9610498, z: 0}
  - {x: 1.3, y: 1.89, z: 0}
  - {x: 1.2980669, y: 1.8189502, z: 0}
  - {x: 1.2923348, y: 1.7488681, z: 0}
  - {x: 1.282905, y: 1.679855, z: 0}
  - {x: 1.2698785, y: 1.6120118, z: 0}
  - {x: 1.2533565, y: 1.5454398, z: 0}
  - {x: 1.2334399, y: 1.48024, z: 0}
  - {x: 1.2102301, y: 1.4165134, z: 0}
  - {x: 1.1838281, y: 1.3543614, z: 0}
  - {x: 1.1543349, y: 1.293885, z: 0}
  - {x: 1.1218518, y: 1.2351851, z: 0}
  - {x: 1.0864798, y: 1.1783631, z: 0}
  - {x: 1.0483199, y: 1.12352, z: 0}
  - {x: 1.0074735, y: 1.0707568, z: 0}
  - {x: 0.9640415, y: 1.0201749, z: 0}
  - {x: 0.918125, y: 0.971875, z: 0}
  - {x: 0.8698251, y: 0.9259585, z: 0}
  - {x: 0.81924313, y: 0.88252646, z: 0}
  - {x: 0.76647997, y: 0.84168, z: 0}
  - {x: 0.71163684, y: 0.8035202, z: 0}
  - {x: 0.6548148, y: 0.7681482, z: 0}
  - {x: 0.596115, y: 0.735665, z: 0}
  - {x: 0.5356385, y: 0.7061719, z: 0}
  - {x: 0.47348645, y: 0.6797698, z: 0}
  - {x: 0.40976, y: 0.65656, z: 0}
  - {x: 0.34456018, y: 0.6366435, z: 0}
  - {x: 0.27798814, y: 0.62012154, z: 0}
  - {x: 0.210145, y: 0.607095, z: 0}
  - {x: 0.14113185, y: 0.5976652, z: 0}
  - {x: 0.07104981, y: 0.5919332, z: 0}
  - {x: 0, y: 0.59000003, z: 0}
  - {x: -0.07104981, y: 0.5919332, z: 0}
  - {x: -0.14113185, y: 0.5976652, z: 0}
  - {x: -0.210145, y: 0.607095, z: 0}
  - {x: -0.27798814, y: 0.62012154, z: 0}
  - {x: -0.34456018, y: 0.6366435, z: 0}
  - {x: -0.40976, y: 0.65656, z: 0}
  - {x: -0.47348645, y: 0.6797698, z: 0}
  - {x: -0.5356385, y: 0.7061719, z: 0}
  - {x: -0.596115, y: 0.735665, z: 0}
  - {x: -0.6548148, y: 0.7681482, z: 0}
  - {x: -0.71163684, y: 0.8035202, z: 0}
  - {x: -0.76647997, y: 0.84168, z: 0}
  - {x: -0.81924313, y: 0.88252646, z: 0}
  - {x: -0.8698251, y: 0.9259585, z: 0}
  - {x: -0.918125, y: 0.971875, z: 0}
  - {x: -0.9640415, y: 1.0201749, z: 0}
  - {x: -1.0074735, y: 1.0707568, z: 0}
  - {x: -1.0483199, y: 1.12352, z: 0}
  - {x: -1.0864798, y: 1.1783631, z: 0}
  - {x: -1.1218518, y: 1.2351851, z: 0}
  - {x: -1.1543349, y: 1.293885, z: 0}
  - {x: -1.1838281, y: 1.3543614, z: 0}
  - {x: -1.2102301, y: 1.4165134, z: 0}
  - {x: -1.2334399, y: 1.48024, z: 0}
  - {x: -1.2533565, y: 1.5454398, z: 0}
  - {x: -1.2698785, y: 1.6120118, z: 0}
  - {x: -1.282905, y: 1.679855, z: 0}
  - {x: -1.2923348, y: 1.7488681, z: 0}
  - {x: -1.2980669, y: 1.8189502, z: 0}
  - {x: -1.3, y: 1.89, z: 0}
  - {x: -1.2980669, y: 1.9610498, z: 0}
  - {x: -1.2923348, y: 2.0311317, z: 0}
  - {x: -1.282905, y: 2.100145, z: 0}
  - {x: -1.2698785, y: 2.167988, z: 0}
  - {x: -1.2533565, y: 2.2345603, z: 0}
  - {x: -1.2334399, y: 2.29976, z: 0}
  - {x: -1.2102301, y: 2.3634865, z: 0}
  - {x: -1.1838281, y: 2.4256384, z: 0}
  - {x: -1.1543349, y: 2.486115, z: 0}
  - {x: -1.1218518, y: 2.5448148, z: 0}
  - {x: -1.0864798, y: 2.601637, z: 0}
  - {x: -1.0483199, y: 2.65648, z: 0}
  - {x: -1.0074735, y: 2.709243, z: 0}
  - {x: -0.9640415, y: 2.7598252, z: 0}
  - {x: -0.918125, y: 2.808125, z: 0}
  - {x: -0.8698251, y: 2.8540416, z: 0}
  - {x: -0.81924313, y: 2.8974736, z: 0}
  - {x: -0.76647997, y: 2.9383202, z: 0}
  - {x: -0.71163684, y: 2.9764798, z: 0}
  - {x: -0.6548148, y: 3.0118518, z: 0}
  - {x: -0.596115, y: 3.0443351, z: 0}
  - {x: -0.5356385, y: 3.0738282, z: 0}
  - {x: -0.47348645, y: 3.1002302, z: 0}
  - {x: -0.40976, y: 3.12344, z: 0}
  - {x: -0.34456018, y: 3.1433566, z: 0}
  - {x: -0.27798814, y: 3.1598785, z: 0}
  - {x: -0.210145, y: 3.172905, z: 0}
  - {x: -0.14113185, y: 3.182335, z: 0}
  - {x: -0.07104981, y: 3.188067, z: 0}
  - {x: 0, y: 3.19, z: 0}
  m_Parameters:
    serializedVersion: 3
    widthMultiplier: 1
    widthCurve:
      serializedVersion: 2
      m_Curve:
      - serializedVersion: 3
        time: 0
        value: 0.05
        inSlope: 0
        outSlope: 0
        tangentMode: 0
        weightedMode: 0
        inWeight: 0.33333334
        outWeight: 0.33333334
      m_PreInfinity: 2
      m_PostInfinity: 2
      m_RotationOrder: 4
    colorGradient:
      serializedVersion: 2
      key0: {r: 1, g: 1, b: 1, a: 1}
      key1: {r: 1, g: 1, b: 1, a: 1}
      key2: {r: 0, g: 0, b: 0, a: 0}
      key3: {r: 0, g: 0, b: 0, a: 0}
      key4: {r: 0, g: 0, b: 0, a: 0}
      key5: {r: 0, g: 0, b: 0, a: 0}
      key6: {r: 0, g: 0, b: 0, a: 0}
      key7: {r: 0, g: 0, b: 0, a: 0}
      ctime0: 0
      ctime1: 65535
      ctime2: 0
      ctime3: 0
      ctime4: 0
      ctime5: 0
      ctime6: 0
      ctime7: 0
      atime0: 0
      atime1: 65535
      atime2: 0
      atime3: 0
      atime4: 0
      atime5: 0
      atime6: 0
      atime7: 0
      m_Mode: 0
      m_NumColorKeys: 2
      m_NumAlphaKeys: 2
    numCornerVertices: 0
    numCapVertices: 0
    alignment: 0
    textureMode: 0
    shadowBias: 0.5
    generateLightingData: 0
  m_UseWorldSpace: 1
  m_Loop: 0
--- !u!114 &3146063199129784561
MonoBehaviour:
  m_ObjectHideFlags: 0
  m_CorrespondingSourceObject: {fileID: 0}
  m_PrefabInstance: {fileID: 0}
  m_PrefabAsset: {fileID: 0}
  m_GameObject: {fileID: 2315203490149910344}
  m_Enabled: 1
  m_EditorHideFlags: 0
  m_Script: {fileID: 11500000, guid: b6d20671ad38ded4fa2362df353b9a31, type: 3}
  m_Name: 
  m_EditorClassIdentifier: 
  showHandles: 1
  hidden: 0
  parent: {fileID: 0}
  ccName: 
  fields: 1
  mathType: 0
  sectionParts: 30
  optimizeStraightLines: 0
  tolerance: 0.2
  usePositionToCalculateTangents: 0
  updateMode: 0
  rendererForUpdateCheck: {fileID: 0}
  mathChangedEvent:
    m_PersistentCalls:
      m_Calls: []
  spheresScale: 1
  spheresColor: {r: 1, g: 1, b: 1, a: 1}
  spheresCount: 100
--- !u!114 &4772176697892080723
MonoBehaviour:
  m_ObjectHideFlags: 0
  m_CorrespondingSourceObject: {fileID: 0}
  m_PrefabInstance: {fileID: 0}
  m_PrefabAsset: {fileID: 0}
  m_GameObject: {fileID: 2315203490149910344}
  m_Enabled: 1
  m_EditorHideFlags: 0
  m_Script: {fileID: 11500000, guid: 8a69af748a081a14dbc7aa333bece5af, type: 3}
  m_Name: 
  m_EditorClassIdentifier: 
  showHandles: 1
  hidden: 0
  parent: {fileID: 3146063199129784561}
  ccName: 
  splitMode: 0
  partsTotal: 30
  partsPerSection: 30
  doNotOptimizeStraightLines: 0
  useLocal: 0
  spheresScale: 1
  spheresColor: {r: 1, g: 1, b: 1, a: 1}
  spheresCount: 100
  updateAtStart: 0
--- !u!114 &4549026574484080351
MonoBehaviour:
  m_ObjectHideFlags: 0
  m_CorrespondingSourceObject: {fileID: 0}
  m_PrefabInstance: {fileID: 0}
  m_PrefabAsset: {fileID: 0}
  m_GameObject: {fileID: 2315203490149910344}
  m_Enabled: 1
  m_EditorHideFlags: 0
  m_Script: {fileID: 11500000, guid: 924df4c68ad59e943b47b75f2323f73a, type: 3}
  m_Name: 
  m_EditorClassIdentifier: 
  showHandles: 1
  hidden: 0
  parent: {fileID: 3146063199129784561}
  ccName: 
  distance: 0
  handlesScale: 1
  handlesColor: {r: 1, g: 1, b: 1, a: 1}
--- !u!114 &2988518034915481914
MonoBehaviour:
  m_ObjectHideFlags: 0
  m_CorrespondingSourceObject: {fileID: 0}
  m_PrefabInstance: {fileID: 0}
  m_PrefabAsset: {fileID: 0}
  m_GameObject: {fileID: 2315203490149910344}
  m_Enabled: 1
  m_EditorHideFlags: 0
  m_Script: {fileID: 11500000, guid: 9d916ef28168e544d9dc5bb790f67ba0, type: 3}
  m_Name: 
  m_EditorClassIdentifier: 
  showHandles: 1
  hidden: 0
  parent: {fileID: 4549026574484080351}
  ccName: 
  objectToManipulate: {fileID: 3890566045525114013}
--- !u!1 &6725681320286785764
GameObject:
  m_ObjectHideFlags: 0
  m_CorrespondingSourceObject: {fileID: 0}
  m_PrefabInstance: {fileID: 0}
  m_PrefabAsset: {fileID: 0}
  serializedVersion: 6
  m_Component:
  - component: {fileID: 6725681320286785767}
  - component: {fileID: 6725681320286785773}
  - component: {fileID: 6725681320286785770}
  - component: {fileID: 6725681320286785771}
  - component: {fileID: 6725681320286785768}
  - component: {fileID: 6725681320286785769}
  - component: {fileID: 6725681320286785766}
  m_Layer: 0
  m_Name: Line 3
  m_TagString: Untagged
  m_Icon: {fileID: 0}
  m_NavMeshLayer: 0
  m_StaticEditorFlags: 0
  m_IsActive: 1
--- !u!4 &6725681320286785767
Transform:
  m_ObjectHideFlags: 0
  m_CorrespondingSourceObject: {fileID: 0}
  m_PrefabInstance: {fileID: 0}
  m_PrefabAsset: {fileID: 0}
  m_GameObject: {fileID: 6725681320286785764}
  m_LocalRotation: {x: 0, y: 0, z: 0.7071068, w: 0.7071068}
  m_LocalPosition: {x: 0, y: 0.56, z: 0}
  m_LocalScale: {x: 0.48944223, y: 1.1568583, z: 0.88989186}
  m_Children: []
  m_Father: {fileID: 1826965752016830604}
  m_RootOrder: 2
  m_LocalEulerAnglesHint: {x: 0, y: 0, z: 90}
--- !u!114 &6725681320286785773
MonoBehaviour:
  m_ObjectHideFlags: 0
  m_CorrespondingSourceObject: {fileID: 0}
  m_PrefabInstance: {fileID: 0}
  m_PrefabAsset: {fileID: 0}
  m_GameObject: {fileID: 6725681320286785764}
  m_Enabled: 1
  m_EditorHideFlags: 0
  m_Script: {fileID: 11500000, guid: e70f079e2a6bf364e8185b765fbe61c0, type: 3}
  m_Name: 
  m_EditorClassIdentifier: 
  settings:
    hideHandles: 0
    newPointDistance: 2
    showCurve: 1
    showCurveMode: 1
    showCurveOption: 0
    sections: 20
    showPointMenu: 1
    showTangents: 0
    tangentsSize: 0.7
    tangentsColor: {r: 1, g: 1, b: 1, a: 1}
    tangentsPerSection: 1
    controlType: 1
    vRay: 0
    lineColor: {r: 1, g: 0, b: 0, a: 1}
    restrictGizmoz: 
    showPointControlType: 1
    showPointPosition: 1
    showHandles: 1
    handlesType: 0
    handlesSettings:
      RemoveX: 0
      RemoveY: 0
      RemoveZ: 1
      RemoveXZ: 1
      RemoveXY: 0
      RemoveYZ: 1
      AxisScale: 1
      PlanesScale: 1
      Alpha: 1
    showLabels: 1
    labelColor: {r: 1, g: 1, b: 1, a: 1}
    showPositions: 0
    labelColorSelected: {r: 0, g: 1, b: 0, a: 1}
    showSpheres: 1
    sphereRadius: 0.1
    sphereColor: {r: 1, g: 0, b: 0, a: 1}
    showPointControlPositions: 1
    showControlHandles: 1
    controlHandlesType: 0
    controlHandlesSettings:
      RemoveX: 0
      RemoveY: 0
      RemoveZ: 1
      RemoveXZ: 1
      RemoveXY: 0
      RemoveYZ: 1
      AxisScale: 0.7
      PlanesScale: 0.7
      Alpha: 0.7
    controlHandlesColor: {r: 0, g: 1, b: 1, a: 1}
    showControlLabels: 1
    showControlPositions: 0
    labelControlColor: {r: 1, g: 0.92156863, b: 0.015686275, a: 1}
    showTransformField: 0
    existing: 1
  mode2D: 1
  closed: 1
  points:
  - controlType: 1
    positionLocal: {x: 0, y: 2, z: 0}
    controlFirstLocal: {x: -1, y: 0, z: -0}
    controlSecondLocal: {x: 1, y: -0, z: 0}
    pointTransform: {fileID: 0}
    curve: {fileID: 6725681320286785773}
    fieldsValues: []
  - controlType: 1
    positionLocal: {x: 2, y: 0, z: 0}
    controlFirstLocal: {x: 0, y: 1, z: -0}
    controlSecondLocal: {x: -0, y: -1, z: 0}
    pointTransform: {fileID: 0}
    curve: {fileID: 6725681320286785773}
    fieldsValues: []
  - controlType: 1
    positionLocal: {x: 0, y: -2, z: 0}
    controlFirstLocal: {x: 1, y: 0, z: -0}
    controlSecondLocal: {x: -1, y: -0, z: 0}
    pointTransform: {fileID: 0}
    curve: {fileID: 6725681320286785773}
    fieldsValues: []
  - controlType: 1
    positionLocal: {x: -2, y: 0, z: 0}
    controlFirstLocal: {x: 0, y: -1, z: -0}
    controlSecondLocal: {x: -0, y: 1, z: 0}
    pointTransform: {fileID: 0}
    curve: {fileID: 6725681320286785773}
    fieldsValues: []
  pointsComponents: []
  pointsGameObjects: []
  fields: []
  snapType: 0
  snapAxis: 1
  snapDistance: 10
  snapLayerMask:
    serializedVersion: 2
    m_Bits: 4294967295
  snapTriggerInteraction: 0
  snapToBackFaces: 0
  snapMonitoring: 0
  eventMode: 0
  pointsMode: 0
  forceChangedEventMode: 0
--- !u!120 &6725681320286785770
LineRenderer:
  m_ObjectHideFlags: 0
  m_CorrespondingSourceObject: {fileID: 0}
  m_PrefabInstance: {fileID: 0}
  m_PrefabAsset: {fileID: 0}
  m_GameObject: {fileID: 6725681320286785764}
  m_Enabled: 1
  m_CastShadows: 1
  m_ReceiveShadows: 1
  m_DynamicOccludee: 1
  m_MotionVectors: 0
  m_LightProbeUsage: 0
  m_ReflectionProbeUsage: 0
  m_RayTracingMode: 0
  m_RenderingLayerMask: 1
  m_RendererPriority: 0
  m_Materials:
  - {fileID: 2100000, guid: 6cb3650f50dfad54c8b05afcedfa398d, type: 2}
  m_StaticBatchInfo:
    firstSubMesh: 0
    subMeshCount: 0
  m_StaticBatchRoot: {fileID: 0}
  m_ProbeAnchor: {fileID: 0}
  m_LightProbeVolumeOverride: {fileID: 0}
  m_ScaleInLightmap: 1
  m_ReceiveGI: 1
  m_PreserveUVs: 0
  m_IgnoreNormalsForChartDetection: 0
  m_ImportantGI: 0
  m_StitchLightmapSeams: 1
  m_SelectedEditorRenderState: 3
  m_MinimumChartSize: 4
  m_AutoUVMaxDistance: 0.5
  m_AutoUVMaxAngle: 89
  m_LightmapParameters: {fileID: 0}
  m_SortingLayerID: 0
  m_SortingLayer: 0
  m_SortingOrder: 0
  m_Positions:
  - {x: -2.313717, y: 0.55999976, z: 0}
  - {x: -2.3099036, y: 0.6089259, z: 0}
  - {x: -2.2986348, y: 0.6577432, z: 0}
  - {x: -2.280168, y: 0.706343, z: 0}
  - {x: -2.25476, y: 0.7546165, z: 0}
  - {x: -2.222668, y: 0.80245495, z: 0}
  - {x: -2.1841488, y: 0.8497496, z: 0}
  - {x: -2.1394598, y: 0.89639163, z: 0}
  - {x: -2.088858, y: 0.9422723, z: 0}
  - {x: -2.0326004, y: 0.9872829, z: 0}
  - {x: -1.970944, y: 1.0313146, z: 0}
  - {x: -1.9041462, y: 1.0742586, z: 0}
  - {x: -1.8324639, y: 1.1160063, z: 0}
  - {x: -1.7561541, y: 1.1564487, z: 0}
  - {x: -1.6754738, y: 1.1954771, z: 0}
  - {x: -1.5906805, y: 1.232983, z: 0}
  - {x: -1.5020308, y: 1.2688572, z: 0}
  - {x: -1.409782, y: 1.3029914, z: 0}
  - {x: -1.3141912, y: 1.3352765, z: 0}
  - {x: -1.2155155, y: 1.3656038, z: 0}
  - {x: -1.1140119, y: 1.3938645, z: 0}
  - {x: -1.0099375, y: 1.41995, z: 0}
  - {x: -0.9035494, y: 1.4437515, z: 0}
  - {x: -0.7951046, y: 1.46516, z: 0}
  - {x: -0.6848603, y: 1.484067, z: 0}
  - {x: -0.5730735, y: 1.5003636, z: 0}
  - {x: -0.46000132, y: 1.5139412, z: 0}
  - {x: -0.3459008, y: 1.5246907, z: 0}
  - {x: -0.23102903, y: 1.5325037, z: 0}
  - {x: -0.115643114, y: 1.5372713, z: 0}
  - {x: -0.00000011920929, y: 1.5388846, z: 0}
  - {x: 0.115642875, y: 1.5372713, z: 0}
  - {x: 0.2310288, y: 1.5325037, z: 0}
  - {x: 0.34590057, y: 1.5246909, z: 0}
  - {x: 0.46000108, y: 1.5139412, z: 0}
  - {x: 0.57307327, y: 1.5003637, z: 0}
  - {x: 0.6848601, y: 1.4840671, z: 0}
  - {x: 0.79510444, y: 1.4651601, z: 0}
  - {x: 0.9035492, y: 1.4437516, z: 0}
  - {x: 1.0099373, y: 1.4199502, z: 0}
  - {x: 1.1140118, y: 1.3938648, z: 0}
  - {x: 1.2155154, y: 1.365604, z: 0}
  - {x: 1.3141911, y: 1.3352767, z: 0}
  - {x: 1.4097819, y: 1.3029916, z: 0}
  - {x: 1.5020306, y: 1.2688576, z: 0}
  - {x: 1.5906802, y: 1.2329834, z: 0}
  - {x: 1.6754737, y: 1.1954775, z: 0}
  - {x: 1.756154, y: 1.1564491, z: 0}
  - {x: 1.8324637, y: 1.1160066, z: 0}
  - {x: 1.9041461, y: 1.074259, z: 0}
  - {x: 1.9709439, y: 1.031315, z: 0}
  - {x: 2.0326002, y: 0.98728335, z: 0}
  - {x: 2.088858, y: 0.9422728, z: 0}
  - {x: 2.1394596, y: 0.8963921, z: 0}
  - {x: 2.1841488, y: 0.84975004, z: 0}
  - {x: 2.222668, y: 0.8024554, z: 0}
  - {x: 2.25476, y: 0.754617, z: 0}
  - {x: 2.280168, y: 0.7063435, z: 0}
  - {x: 2.2986348, y: 0.6577437, z: 0}
  - {x: 2.3099036, y: 0.60892636, z: 0}
  - {x: 2.313717, y: 0.56000024, z: 0}
  - {x: 2.3099036, y: 0.5110741, z: 0}
  - {x: 2.2986348, y: 0.4622568, z: 0}
  - {x: 2.280168, y: 0.41365698, z: 0}
  - {x: 2.25476, y: 0.36538345, z: 0}
  - {x: 2.222668, y: 0.317545, z: 0}
  - {x: 2.1841488, y: 0.27025038, z: 0}
  - {x: 2.1394598, y: 0.22360833, z: 0}
  - {x: 2.088858, y: 0.17772764, z: 0}
  - {x: 2.0326004, y: 0.13271707, z: 0}
  - {x: 1.970944, y: 0.088685386, z: 0}
  - {x: 1.9041462, y: 0.045741346, z: 0}
  - {x: 1.8324639, y: 0.0039937254, z: 0}
  - {x: 1.7561541, y: -0.036448717, z: 0}
  - {x: 1.6754738, y: -0.07547721, z: 0}
  - {x: 1.5906805, y: -0.112983, z: 0}
  - {x: 1.5020308, y: -0.14885731, z: 0}
  - {x: 1.409782, y: -0.1829914, z: 0}
  - {x: 1.3141912, y: -0.21527646, z: 0}
  - {x: 1.2155155, y: -0.24560377, z: 0}
  - {x: 1.1140119, y: -0.27386454, z: 0}
  - {x: 1.0099375, y: -0.29995, z: 0}
  - {x: 0.9035494, y: -0.32375142, z: 0}
  - {x: 0.7951046, y: -0.34515998, z: 0}
  - {x: 0.6848603, y: -0.364067, z: 0}
  - {x: 0.5730735, y: -0.3803636, z: 0}
  - {x: 0.46000132, y: -0.3939411, z: 0}
  - {x: 0.3459008, y: -0.4046907, z: 0}
  - {x: 0.23102903, y: -0.4125037, z: 0}
  - {x: 0.115643114, y: -0.41727123, z: 0}
  - {x: 0.00000011920929, y: -0.41888458, z: 0}
  - {x: -0.115642875, y: -0.41727123, z: 0}
  - {x: -0.2310288, y: -0.41250372, z: 0}
  - {x: -0.34590057, y: -0.40469077, z: 0}
  - {x: -0.46000108, y: -0.3939412, z: 0}
  - {x: -0.57307327, y: -0.38036373, z: 0}
  - {x: -0.6848601, y: -0.3640671, z: 0}
  - {x: -0.79510444, y: -0.34516016, z: 0}
  - {x: -0.9035492, y: -0.3237516, z: 0}
  - {x: -1.0099373, y: -0.2999502, z: 0}
  - {x: -1.1140118, y: -0.27386478, z: 0}
  - {x: -1.2155154, y: -0.24560402, z: 0}
  - {x: -1.3141911, y: -0.21527673, z: 0}
  - {x: -1.4097819, y: -0.18299168, z: 0}
  - {x: -1.5020306, y: -0.14885762, z: 0}
  - {x: -1.5906802, y: -0.11298333, z: 0}
  - {x: -1.6754737, y: -0.07547756, z: 0}
  - {x: -1.756154, y: -0.03644908, z: 0}
  - {x: -1.8324637, y: 0.0039933478, z: 0}
  - {x: -1.9041461, y: 0.045740955, z: 0}
  - {x: -1.9709439, y: 0.088684976, z: 0}
  - {x: -2.0326002, y: 0.13271666, z: 0}
  - {x: -2.088858, y: 0.17772721, z: 0}
  - {x: -2.1394596, y: 0.22360788, z: 0}
  - {x: -2.1841488, y: 0.27024993, z: 0}
  - {x: -2.222668, y: 0.31754455, z: 0}
  - {x: -2.25476, y: 0.365383, z: 0}
  - {x: -2.280168, y: 0.4136565, z: 0}
  - {x: -2.2986348, y: 0.4622563, z: 0}
  - {x: -2.3099036, y: 0.51107365, z: 0}
  - {x: -2.313717, y: 0.55999976, z: 0}
  m_Parameters:
    serializedVersion: 3
    widthMultiplier: 1
    widthCurve:
      serializedVersion: 2
      m_Curve:
      - serializedVersion: 3
        time: 0
        value: 0.05
        inSlope: 0
        outSlope: 0
        tangentMode: 0
        weightedMode: 0
        inWeight: 0.33333334
        outWeight: 0.33333334
      m_PreInfinity: 2
      m_PostInfinity: 2
      m_RotationOrder: 4
    colorGradient:
      serializedVersion: 2
      key0: {r: 1, g: 1, b: 1, a: 1}
      key1: {r: 1, g: 1, b: 1, a: 1}
      key2: {r: 0, g: 0, b: 0, a: 0}
      key3: {r: 0, g: 0, b: 0, a: 0}
      key4: {r: 0, g: 0, b: 0, a: 0}
      key5: {r: 0, g: 0, b: 0, a: 0}
      key6: {r: 0, g: 0, b: 0, a: 0}
      key7: {r: 0, g: 0, b: 0, a: 0}
      ctime0: 0
      ctime1: 65535
      ctime2: 0
      ctime3: 0
      ctime4: 0
      ctime5: 0
      ctime6: 0
      ctime7: 0
      atime0: 0
      atime1: 65535
      atime2: 0
      atime3: 0
      atime4: 0
      atime5: 0
      atime6: 0
      atime7: 0
      m_Mode: 0
      m_NumColorKeys: 2
      m_NumAlphaKeys: 2
    numCornerVertices: 0
    numCapVertices: 0
    alignment: 0
    textureMode: 0
    shadowBias: 0.5
    generateLightingData: 0
  m_UseWorldSpace: 1
  m_Loop: 0
--- !u!114 &6725681320286785771
MonoBehaviour:
  m_ObjectHideFlags: 0
  m_CorrespondingSourceObject: {fileID: 0}
  m_PrefabInstance: {fileID: 0}
  m_PrefabAsset: {fileID: 0}
  m_GameObject: {fileID: 6725681320286785764}
  m_Enabled: 1
  m_EditorHideFlags: 0
  m_Script: {fileID: 11500000, guid: b6d20671ad38ded4fa2362df353b9a31, type: 3}
  m_Name: 
  m_EditorClassIdentifier: 
  showHandles: 1
  hidden: 0
  parent: {fileID: 0}
  ccName: 
  fields: 1
  mathType: 0
  sectionParts: 30
  optimizeStraightLines: 0
  tolerance: 0.2
  usePositionToCalculateTangents: 0
  updateMode: 0
  rendererForUpdateCheck: {fileID: 0}
  mathChangedEvent:
    m_PersistentCalls:
      m_Calls: []
  spheresScale: 1
  spheresColor: {r: 1, g: 1, b: 1, a: 1}
  spheresCount: 100
--- !u!114 &6725681320286785768
MonoBehaviour:
  m_ObjectHideFlags: 0
  m_CorrespondingSourceObject: {fileID: 0}
  m_PrefabInstance: {fileID: 0}
  m_PrefabAsset: {fileID: 0}
  m_GameObject: {fileID: 6725681320286785764}
  m_Enabled: 1
  m_EditorHideFlags: 0
  m_Script: {fileID: 11500000, guid: 8a69af748a081a14dbc7aa333bece5af, type: 3}
  m_Name: 
  m_EditorClassIdentifier: 
  showHandles: 1
  hidden: 0
  parent: {fileID: 6725681320286785771}
  ccName: 
  splitMode: 0
  partsTotal: 30
  partsPerSection: 30
  doNotOptimizeStraightLines: 0
  useLocal: 0
  spheresScale: 1
  spheresColor: {r: 1, g: 1, b: 1, a: 1}
  spheresCount: 100
  updateAtStart: 0
--- !u!114 &6725681320286785769
MonoBehaviour:
  m_ObjectHideFlags: 0
  m_CorrespondingSourceObject: {fileID: 0}
  m_PrefabInstance: {fileID: 0}
  m_PrefabAsset: {fileID: 0}
  m_GameObject: {fileID: 6725681320286785764}
  m_Enabled: 1
  m_EditorHideFlags: 0
  m_Script: {fileID: 11500000, guid: 924df4c68ad59e943b47b75f2323f73a, type: 3}
  m_Name: 
  m_EditorClassIdentifier: 
  showHandles: 1
  hidden: 0
  parent: {fileID: 6725681320286785771}
  ccName: 
  distance: 2.666026
  handlesScale: 1
  handlesColor: {r: 1, g: 1, b: 1, a: 1}
--- !u!114 &6725681320286785766
MonoBehaviour:
  m_ObjectHideFlags: 0
  m_CorrespondingSourceObject: {fileID: 0}
  m_PrefabInstance: {fileID: 0}
  m_PrefabAsset: {fileID: 0}
  m_GameObject: {fileID: 6725681320286785764}
  m_Enabled: 1
  m_EditorHideFlags: 0
  m_Script: {fileID: 11500000, guid: 9d916ef28168e544d9dc5bb790f67ba0, type: 3}
  m_Name: 
  m_EditorClassIdentifier: 
  showHandles: 1
  hidden: 0
  parent: {fileID: 6725681320286785769}
  ccName: 
  objectToManipulate: {fileID: 6725681320866176518}
--- !u!1 &6725681320866176519
GameObject:
  m_ObjectHideFlags: 0
  m_CorrespondingSourceObject: {fileID: 0}
  m_PrefabInstance: {fileID: 0}
  m_PrefabAsset: {fileID: 0}
  serializedVersion: 6
  m_Component:
  - component: {fileID: 6725681320866176518}
  - component: {fileID: 6725681320866176521}
  m_Layer: 0
  m_Name: p3
  m_TagString: Untagged
  m_Icon: {fileID: 0}
  m_NavMeshLayer: 0
  m_StaticEditorFlags: 0
  m_IsActive: 1
--- !u!4 &6725681320866176518
Transform:
  m_ObjectHideFlags: 0
  m_CorrespondingSourceObject: {fileID: 0}
  m_PrefabInstance: {fileID: 0}
  m_PrefabAsset: {fileID: 0}
  m_GameObject: {fileID: 6725681320866176519}
  m_LocalRotation: {x: -0, y: -0, z: 0.0023174414, w: 0.9999973}
  m_LocalPosition: {x: 0.00000036045938, y: -1.5388846, z: 9}
  m_LocalScale: {x: 0.7, y: 0.7, z: 1}
  m_Children: []
  m_Father: {fileID: 1826965750626606518}
  m_RootOrder: 2
  m_LocalEulerAnglesHint: {x: 0, y: 0, z: 0.266}
--- !u!212 &6725681320866176521
SpriteRenderer:
  m_ObjectHideFlags: 0
  m_CorrespondingSourceObject: {fileID: 0}
  m_PrefabInstance: {fileID: 0}
  m_PrefabAsset: {fileID: 0}
  m_GameObject: {fileID: 6725681320866176519}
  m_Enabled: 1
  m_CastShadows: 0
  m_ReceiveShadows: 0
  m_DynamicOccludee: 1
  m_MotionVectors: 1
  m_LightProbeUsage: 1
  m_ReflectionProbeUsage: 1
  m_RayTracingMode: 0
  m_RenderingLayerMask: 1
  m_RendererPriority: 0
  m_Materials:
  - {fileID: 10754, guid: 0000000000000000f000000000000000, type: 0}
  m_StaticBatchInfo:
    firstSubMesh: 0
    subMeshCount: 0
  m_StaticBatchRoot: {fileID: 0}
  m_ProbeAnchor: {fileID: 0}
  m_LightProbeVolumeOverride: {fileID: 0}
  m_ScaleInLightmap: 1
  m_ReceiveGI: 1
  m_PreserveUVs: 0
  m_IgnoreNormalsForChartDetection: 0
  m_ImportantGI: 0
  m_StitchLightmapSeams: 1
  m_SelectedEditorRenderState: 0
  m_MinimumChartSize: 4
  m_AutoUVMaxDistance: 0.5
  m_AutoUVMaxAngle: 89
  m_LightmapParameters: {fileID: 0}
  m_SortingLayerID: 0
  m_SortingLayer: 0
  m_SortingOrder: 0
  m_Sprite: {fileID: 21300000, guid: 5b137d068d8b3884ebab022523259502, type: 3}
  m_Color: {r: 1, g: 1, b: 1, a: 1}
  m_FlipX: 0
  m_FlipY: 0
  m_DrawMode: 0
  m_Size: {x: 0.78, y: 0.78}
  m_AdaptiveModeThreshold: 0.5
  m_SpriteTileMode: 0
  m_WasSpriteAssigned: 1
  m_MaskInteraction: 0
  m_SpriteSortPoint: 0
--- !u!1 &7936476679384115122
GameObject:
  m_ObjectHideFlags: 0
  m_CorrespondingSourceObject: {fileID: 0}
  m_PrefabInstance: {fileID: 0}
  m_PrefabAsset: {fileID: 0}
  serializedVersion: 6
  m_Component:
  - component: {fileID: 3890566045525114013}
  - component: {fileID: 3403970121553552683}
  m_Layer: 0
  m_Name: p2
  m_TagString: Untagged
  m_Icon: {fileID: 0}
  m_NavMeshLayer: 0
  m_StaticEditorFlags: 0
  m_IsActive: 1
--- !u!4 &3890566045525114013
Transform:
  m_ObjectHideFlags: 0
  m_CorrespondingSourceObject: {fileID: 0}
  m_PrefabInstance: {fileID: 0}
  m_PrefabAsset: {fileID: 0}
  m_GameObject: {fileID: 7936476679384115122}
  m_LocalRotation: {x: 0, y: 0, z: 0.7071068, w: 0.7071068}
  m_LocalPosition: {x: 0, y: -3.19, z: 9}
  m_LocalScale: {x: 0.7, y: 0.7, z: 1}
  m_Children: []
  m_Father: {fileID: 1826965750626606518}
  m_RootOrder: 1
  m_LocalEulerAnglesHint: {x: 0, y: 0, z: 90}
--- !u!212 &3403970121553552683
SpriteRenderer:
  m_ObjectHideFlags: 0
  m_CorrespondingSourceObject: {fileID: 0}
  m_PrefabInstance: {fileID: 0}
  m_PrefabAsset: {fileID: 0}
  m_GameObject: {fileID: 7936476679384115122}
  m_Enabled: 1
  m_CastShadows: 0
  m_ReceiveShadows: 0
  m_DynamicOccludee: 1
  m_MotionVectors: 1
  m_LightProbeUsage: 1
  m_ReflectionProbeUsage: 1
  m_RayTracingMode: 0
  m_RenderingLayerMask: 1
  m_RendererPriority: 0
  m_Materials:
  - {fileID: 10754, guid: 0000000000000000f000000000000000, type: 0}
  m_StaticBatchInfo:
    firstSubMesh: 0
    subMeshCount: 0
  m_StaticBatchRoot: {fileID: 0}
  m_ProbeAnchor: {fileID: 0}
  m_LightProbeVolumeOverride: {fileID: 0}
  m_ScaleInLightmap: 1
  m_ReceiveGI: 1
  m_PreserveUVs: 0
  m_IgnoreNormalsForChartDetection: 0
  m_ImportantGI: 0
  m_StitchLightmapSeams: 1
  m_SelectedEditorRenderState: 0
  m_MinimumChartSize: 4
  m_AutoUVMaxDistance: 0.5
  m_AutoUVMaxAngle: 89
  m_LightmapParameters: {fileID: 0}
  m_SortingLayerID: 0
  m_SortingLayer: 0
  m_SortingOrder: 0
  m_Sprite: {fileID: 21300000, guid: 5b137d068d8b3884ebab022523259502, type: 3}
  m_Color: {r: 1, g: 1, b: 1, a: 1}
  m_FlipX: 0
  m_FlipY: 0
  m_DrawMode: 0
  m_Size: {x: 0.78, y: 0.78}
  m_AdaptiveModeThreshold: 0.5
  m_SpriteTileMode: 0
  m_WasSpriteAssigned: 1
  m_MaskInteraction: 0
  m_SpriteSortPoint: 0
